1964 3053
831 126 1089 167 ..2.-

195 255 416 311 peculiare
446 267 533 298 non
563 253 713 311 paucis
744 266 850 298 sane
881 253 1141 298 carminibus
1169 253 1356 299 tribuere
1393 267 1634 312 possumus,
1669 255 1732 300 ita

197 323 493 382 ampliandum
524 327 604 377 est,
635 327 683 367 ut
712 322 770 367 ad
807 321 1027 381 pleraque,
1063 336 1120 367 ne
1156 322 1300 368 dicam
1330 324 1476 369 omnia
1509 329 1732 370 revocetur

197 399 324 451 atque
362 392 696 451 unumquodque
733 393 1002 451 epigramma
1032 391 1259 451 limpidum
1289 396 1411 451 quasi
1439 393 1605 440 fontem
1634 408 1731 440 esse

195 477 421 520 ponamus,
468 462 582 507 unde
627 463 885 520 probissima
922 462 1221 520 uberrimaque
1257 463 1312 507 de
1349 462 1607 520 Crinagorae
1642 465 1733 509 vita

197 538 324 589 atque
356 533 529 576 fortuna
559 531 721 576 indicia
748 531 919 575 haurire
956 531 1133 576 cuilibet
1161 532 1300 576 liceat.
1361 531 1427 577 Ita
1461 538 1604 578 autem
1639 547 1731 578 rem

197 602 383 646 instituit
403 600 594 646 Geistius
626 602 671 645 in
703 600 1015 658 disquisitione,
1048 614 1175 658 quam
1205 614 1335 660 supra
1352 600 1636 658 laudavimus,
1667 607 1732 648 at-

197 685 278 726 que
326 671 369 713 id
416 671 622 728 opusculo
668 683 838 714 summa
873 671 1121 726 ceteroquin
1161 670 1388 726 diligentia
1422 676 1466 715 et
1500 671 1733 717 subtilitate

198 740 441 798 conscripto
480 740 635 784 mirum
674 744 878 798 quantum
915 740 1113 785 nocuisse
1154 740 1423 797 arbitramur,
1461 742 1562 799 quia
1597 741 1735 787 multa

198 815 343 854 narret
365 810 419 854 de
440 815 597 868 poetae
626 815 753 866 statu,
779 810 1006 856 itineribus
1035 809 1228 868 aliisque,
1250 824 1360 868 quae
1389 810 1617 857 fulciantur
1647 825 1734 858 non

199 882 327 926 certis
359 885 515 939 poetae
535 881 676 925 verbis
706 880 763 925 ad
785 885 925 925 certas
955 894 1163 939 personas
1185 889 1258 925 aut
1287 895 1355 926 res
1375 881 1625 938 referendis,
1656 882 1735 927 sed

199 952 261 995 eis
282 955 448 995 tantum
474 950 678 1006 versibus,
701 963 806 1007 quos
827 950 964 1008 quivis
985 949 1095 995 alius
1114 954 1245 1009 poeta
1272 950 1377 995 item
1398 949 1584 996 condere
1609 955 1735 1011 potu-

200 1022 294 1075 erit,
340 1035 437 1065 cum
483 1020 602 1065 nullo
640 1023 771 1078 pacto
811 1019 1092 1077 Crinagoram
1138 1020 1193 1064 de
1230 1034 1278 1065 se
1314 1021 1429 1078 loqui
1467 1021 1736 1079 comprobari

200 1096 340 1148 queat.
353 1091 384 1147 ¹)
444 1089 571 1134 Unde
602 1089 761 1135 multas
791 1089 865 1134 ille
886 1103 1046 1147 easque
1076 1103 1130 1134 ex
1149 1094 1272 1147 parte
1293 1089 1545 1135 audaciores
1566 1091 1736 1136 coniec-

199 1165 316 1203 turas
333 1160 599 1217 periclitatus
617 1164 696 1214 est,
718 1173 827 1215 quae
849 1159 885 1203 si
903 1163 1018 1203 stare
1039 1162 1231 1216 possent,
1252 1171 1380 1216 quam
1401 1160 1546 1204 animo
1567 1158 1736 1204 effinxi-

201 1243 295 1275 mus
326 1233 481 1287 poetae
511 1229 745 1286 imaginem
777 1228 892 1274 haud
930 1228 1081 1274 leviter
1115 1229 1404 1274 immutarent.
1466 1227 1554 1274 Nos
1586 1235 1739 1276 contra

202 1299 258 1344 ad
289 1303 432 1344 certas
463 1299 715 1344 occasiones
756 1312 809 1344 ea
844 1299 1039 1344 carmina
1075 1298 1310 1344 referemus
1349 1298 1456 1355 sola,
1493 1313 1547 1343 ex
1586 1300 1738 1356 quibus

202 1383 280 1414 eae
312 1374 462 1427 aperte
493 1369 694 1413 eluceant
723 1382 893 1413 summa
924 1382 1021 1413 cum
1053 1369 1253 1413 cautione
1282 1372 1326 1412 et
1356 1368 1739 1426 circumspectione

201 1439 511 1496 grassantibus.
573 1436 700 1484 Nullo
732 1438 817 1483 alio
848 1437 978 1484 modo
1008 1451 1120 1495 eam,
1152 1451 1262 1496 quae
1287 1437 1332 1482 in
1362 1436 1429 1483 his
1458 1437 1617 1484 litteris
1646 1439 1740 1484 iure

203 1510 443 1566 requiritur,
484 1508 832 1565 probabilitatem
869 1521 949 1553 nos
981 1508 1153 1552 efficere
1197 1520 1325 1564 posse
1372 1507 1624 1552 iudicamus.
1685 1508 1744 1552 At

205 1591 288 1636 quo
319 1578 449 1622 tutius
486 1576 643 1636 pedem
681 1576 864 1634 figamus
903 1583 946 1621 et
981 1576 1039 1622 ad
1074 1576 1238 1622 firmius
1275 1577 1399 1634 quasi
1436 1576 1742 1622 adminiculum

204 1649 462 1703 annitamur,
494 1648 742 1705 priusquam
772 1646 829 1692 ad
849 1661 940 1692 rem
971 1647 1126 1705 ipsam,
1159 1660 1288 1704 quam
1317 1646 1586 1692 tractandam
1617 1648 1743 1693 nobis

205 1718 521 1776 proposuimus,
552 1730 632 1762 nos
664 1722 979 1773 convertamus,
1009 1717 1160 1775 paucis
1189 1716 1438 1762 testimonia
1466 1716 1543 1762 illa
1573 1716 1744 1776 discep-

204 1794 358 1842 temus,
391 1800 500 1843 quae
532 1791 706 1831 exstant
735 1785 790 1830 de
821 1785 1069 1843 Crinagora.

323 1856 467 1901 Primo
497 1856 594 1901 loco
626 1869 965 1901 commemorare
985 1868 1065 1914 par
1095 1860 1162 1900 est
1190 1869 1321 1900 unum
1349 1869 1404 1900 ex
1434 1856 1746 1914 antiquioribus

206 1927 509 1983 florilegiorum
540 1925 846 1982 conditoribus,
867 1927 1117 1985 Philippum
1147 1925 1570 1982 Thessalonicensem,
1601 1926 1674 1984 qui
1704 1930 1748 1971 et

207 2000 301 2056 ipse
333 1997 432 2041 huic
463 1996 608 2054 poesis
639 1996 786 2052 generi
810 2008 985 2054 operam
1018 1994 1151 2040 dabat
1180 2000 1224 2039 et
1253 1994 1419 2040 duobus
1449 1995 1541 2041 fere
1561 1996 1746 2042 saeculis

206 2070 307 2125 post
351 2065 618 2122 Meleagrum
675 2064 967 2121 Gadarenum,
1013 2064 1133 2110 cuius
1185 2064 1387 2126 Στέφανος
1423 2078 1488 2110 ca.
1526 2079 1565 2111 a.
1597 2069 1747 2113 cente-

207 2141 362 2184 simum
401 2153 438 2183 a.
470 2138 567 2183 Chr.
601 2152 642 2183 n.
675 2138 721 2182 in
757 2137 897 2182 lucem
935 2139 1182 2195 protractus
1222 2141 1300 2194 est,
1337 2138 1382 2182 in
1418 2151 1551 2182 unum
1591 2151 1747 2197 corpus

208 2223 355 2254 eorum
386 2214 612 2266 poetarum
644 2208 958 2265 epigrammata
993 2205 1206 2262 conflavit,
1244 2207 1316 2264 qui
1352 2212 1453 2265 post
1480 2206 1747 2264 Meleagrum

208 2280 450 2323 floruerant.
515 2277 635 2322 Sicut
664 2276 747 2332 hic,
778 2276 840 2320 ita
859 2275 1083 2335 Philippus
1104 2276 1329 2321 consilium
1351 2276 1617 2323 collectionis
1644 2291 1748 2323 suae

208 2349 415 2407 patefecit
434 2348 670 2405 prooemio,
688 2359 770 2404 quo
792 2350 927 2391 totum
949 2359 1057 2404 opus
1083 2345 1310 2391 inchoatur
1324 2351 1369 2392 et
1383 2371 1438 2378 —
1454 2346 1500 2392 id
1517 2346 1634 2405 quod
1650 2360 1747 2392 cum

211 2419 407 2464 Coronae
424 2418 593 2464 ratione
614 2420 953 2463 consentaneum
962 2415 1416 2475 videbatur—singuli
1432 2421 1587 2476 poetae
1603 2417 1748 2476 singu-

207 2490 345 2535 lorum
370 2489 521 2534 florum
544 2488 788 2533 nominibus
808 2491 1122 2546 nuncupantur.
1169 2486 1216 2531 In
1238 2486 1320 2532 hac
1339 2488 1467 2545 igitur
1481 2488 1749 2546 praefatione

211 2560 284 2616 (A.
306 2559 350 2603 P.
385 2558 441 2603 lV
469 2558 560 2616 2,8)
613 2557 873 2615 Crinagoras
912 2571 1079 2616 quoque
1108 2557 1251 2603 locum
1282 2557 1447 2603 obtinet
1478 2562 1750 2617 comparatus

329 2722 354 2769 ¹)
381 2722 467 2758 Hoc
504 2722 617 2758 etiam
650 2722 687 2758 ei
724 2721 788 2768 qui
823 2720 958 2758 librum
994 2722 1273 2764 recensuerunt,
1310 2720 1543 2758 existimant:
1593 2719 1749 2759 stellius

213 2782 270 2826 (Ζ.
296 2781 319 2818 f.
348 2781 382 2817 d.
408 2781 456 2818 A.
485 2781 547 2817 W.
580 2780 680 2817 1850.
706 2779 765 2826 36)
791 2782 830 2816 et
853 2778 1044 2816 Baehrens
1070 2778 1223 2826 (Heidd.
1248 2778 1405 2817 Jahn-bb.
1431 2778 1558 2826 1849.)
