1964 3053
832 172 1094 213 -6.-

192 301 240 340 ut
270 296 379 340 haec
410 297 645 353 digerenda
675 299 761 342 sint
791 300 834 342 in
859 299 1014 343 Lesbia
1045 303 1088 343 et
1108 300 1318 356 Romana,
1349 312 1436 344 non
1456 299 1571 345 illico
1598 304 1732 358 patet.

192 364 459 423 Quamquam
533 367 639 411 nihil
714 369 869 424 obstat,
936 369 1161 425 quominus
1232 382 1341 425 quae
1411 367 1468 413 ad
1539 367 1732 414 Graecos

191 435 385 480 homines
423 436 649 480 referenda
695 442 797 482 sunt
841 438 1176 495 epigrammata:
1227 441 1249 481 1
1285 438 1494 497 (Πρώτη),
1526 439 1552 481 3
1586 439 1730 495 (Ἀντι-

192 508 354 565 φάνης),
376 510 404 551 4
425 507 683 567 (Πρόκλοςῗ),
704 510 731 551 9
753 508 1043 569 (mumma),
1080 509 1134 552 10
1156 508 1352 566 (Σίμωνος
1382 510 1462 559 υἱός
1472 509 1527 567 Ρ),
1551 510 1605 553 13
1629 510 1730 568 (Δη-

190 577 421 634 μοσθένης),
457 582 510 622 15
530 580 779 636 (Σέλευκος),
816 582 868 623 17
887 580 1137 638 (Εὐνικίῧης),
1163 581 1217 623 18
1235 580 1419 640 (Ἔρως),
1444 582 1500 624 19
1517 580 1744 639 (Eski-⁴⁴12),

188 651 245 692 22
277 649 457 707 (Ὑμνίς),
482 656 638 696 cuncta
658 650 816 695 Lesbia
836 652 1095 706 vocemus.¹)
1146 650 1231 695 Sed
1252 651 1360 696 haec
1375 665 1444 696 res
1465 664 1551 695 non
1568 664 1730 710 paucas

188 718 318 763 habet
340 721 585 764 cautiones·
626 719 819 776 Namque
841 721 885 763 in
910 721 1200 764 monumentis
1222 721 1533 778 sepulcralibus
1564 721 1728 766 liberti-

186 805 339 833 norum
350 788 639 833 Romanorum
658 789 910 847 saepissime
929 787 1138 834 eiusmodi
1155 790 1332 833 nomina
1346 802 1504 845 graeca
1517 789 1728 847 leguntur,

188 871 365 913 quorum
376 871 517 915 pauca
526 857 679 901 afferre
694 872 782 902 non
790 859 971 915 pigebit:
992 857 1216 902 Corneliae
1226 856 1390 913 Selene,
1401 860 1524 903 uxori
1539 860 1728 916 optimae

186 926 274 981 (CJ
282 926 364 971 LX
376 928 533 984 6031);
550 934 679 972 Prote
694 929 866 984 coniugi
881 928 1082 985 (ib.254).
1116 927 1316 972 Cantinia
1332 928 1519 987 Hymnie
1533 927 1614 985 (ib.
1626 928 1727 986 28),-

184 996 240 1040 M.
261 996 405 1041 Valeri
422 997 479 1040 M.
502 997 528 1041 l.
558 996 746 1041 Simonis
770 997 823 1052 (C
844 996 872 1040 J
894 997 926 1040 L
948 997 1097 1054 4931).
1167 997 1387 1043 Permulta
1416 998 1547 1042 etiam
1575 1012 1723 1043 exem—

183 1067 257 1123 pla
278 1067 452 1110 exhibet
478 1067 559 1110 vol.
577 1066 634 1109 ¹VI
658 1081 759 1123 pars
783 1066 838 1109 ΠΙ
862 1081 999 1124 nuper
1022 1068 1194 1122 emissa,
1221 1068 1294 1111 ubi
1316 1068 1588 1125 saepiuscule
1617 1068 1726 1114 haec

183 1143 225 1180 et
256 1136 414 1180 similia
452 1136 628 1180 nomina
661 1135 829 1180 Graeca
858 1134 1032 1191 (Erotis
1071 1149 1237 1194 quoque
1274 1141 1318 1180 et
1347 1138 1504 1193 Procli,
1526 1138 1726 1195 Proclae)

182 1205 397 1261 leguntur.
459 1205 583 1257 Quod
627 1206 843 1250 intuentes
890 1206 1132 1263 complures
1180 1207 1446 1250 coniecturas
1491 1220 1518 1250 a
1557 1206 1724 1253 Geistio

183 1280 460 1333 expromptas
493 1274 550 1318 ad
580 1275 747 1319 irritum
779 1275 935 1320 cadere
984 1275 1111 1320 facile
1150 1276 1430 1333 comprobare
1474 1276 1722 1334 poterimus.

180 1344 339 1389 Proten
370 1346 486 1389 enim
516 1345 650 1388 filiam
682 1345 837 1390 nobilis
869 1345 1094 1390 cuiusdam
1125 1345 1308 1389 Romani
1340 1358 1438 1390 esse
1475 1346 1598 1403 ponit
1634 1347 1722 1404 pri-

183 1428 300 1458 mam
332 1416 523 1470 genitam
533 1428 545 1470 3
577 1429 717 1471 neque
748 1429 849 1459 vero
879 1415 1012 1460 nobili
1042 1415 1160 1470 genti
1180 1414 1401 1460 Romanae
1432 1428 1528 1459 eam
1559 1414 1745 1466 adscri-

182 1484 369 1529 bendam
414 1498 555 1542 neque
609 1485 794 1543 primam
846 1485 1037 1541 genitam
1089 1498 1185 1530 esse
1236 1489 1434 1542 oportere
1479 1486 1722 1543 inscriptio-

181 1555 310 1599 nibus
388 1554 703 1612 eomprobatur.
787 1554 866 1599 Cui
946 1554 1061 1599 haud
1141 1553 1394 1600 dissimilem
1468 1555 1722 1600 sententiam

180 1623 297 1668 idem
336 1639 375 1668 v.
407 1624 448 1667 d.
483 1623 537 1667 de
574 1623 727 1668 Proclo
769 1625 912 1668 animo
949 1624 1208 1679 informavit,
1255 1637 1354 1668 cum
1391 1628 1507 1669 recte
1548 1624 1720 1681 quidem

178 1694 299 1738 illam
331 1708 480 1739 vocem
522 1710 542 1736 0
579 1694 723 1738 littera
761 1694 869 1738 elisa
907 1694 1051 1749 graeci
1089 1694 1274 1738 nominis
1305 1693 1488 1739 formam
1517 1693 1722 1752 induisse,

179 1764 257 1809 sed
287 1764 395 1808 nihil
426 1778 522 1809 esse
554 1765 635 1809 nisi
657 1764 837 1809 latinum
862 1763 1086 1808 Proculum
1109 1764 1387 1821 perspiceret,
1409 1765 1553 1821 utique
1573 1769 1719 1809 tamen

176 1834 291 1878 hunc
323 1834 549 1879 Proculum
590 1848 758 1879 summo
796 1835 892 1878 loco
932 1840 1072 1878 ortum
1110 1840 1153 1878 et
1190 1847 1241 1878 eo
1278 1839 1401 1891 patre
1439 1838 1587 1878 natum
1625 1848 1719 1880 esse

176 1909 376 1961 sumeret,
424 1904 495 1961 qui
533 1904 771 1961 Augustam
807 1903 1017 1948 familiam
1055 1903 1275 1961 propriore
1320 1903 1536 1947 amicitiae
1582 1902 1719 1960 gradu

175 1976 437 2030 contigisset.
499 1974 593 2018 Hoc
615 1981 662 2019 ut
682 1975 802 2018 futile
824 1979 903 2029 est,
925 1976 986 2017 ita
1006 1973 1121 2029 quod
1137 1979 1331 2017 extrema
1346 1974 1718 2029 argumentatione

176 2045 337 2090 conicit
381 2044 564 2090 fortasse
600 2043 928 2101 intelligendum
977 2056 1072 2088 esse
1109 2042 1294 2099 Proculi,
1333 2043 1515 2100 Augusti
1560 2042 1715 2100 liberti,

172 2115 322 2171 filium,
383 2128 469 2158 non
531 2120 596 2159 est
657 2114 770 2171 quod
837 2115 1023 2170 graviter
1091 2113 1367 2172 refragemur.
1442 2112 1580 2169 Magis
1648 2127 1717 2158 me

172 2198 427 2243 suspensum
465 2189 586 2229 tenet
623 2198 799 2229 carmen
835 2182 956 2239 illud,
989 2196 1071 2240 quo
1109 2187 1239 2240 poeta
1268 2182 1502 2241 ampullam
1535 2196 1715 2228 aeneam

171 2255 358 2299 Simonis
386 2255 474 2298 filio
502 2254 692 2298 natalem
724 2255 883 2310 agenti,
915 2253 1054 2297 amico
1083 2252 1344 2307 dulcissimo,
1375 2253 1542 2297 muneri
1573 2253 1714 2298 mittit.

171 2323 358 2370 Geistius
409 2337 437 2368 a
482 2323 617 2368 Suida
659 2324 876 2382 profectus
928 2324 1019 2366 iure
1065 2321 1302 2365 admiratur
1346 2321 1713 2381 lexicographum‚

169 2408 270 2437 eum
311 2409 347 2438 s.
395 2410 433 2438 v.
482 2396 586 2450 ὄλπη
636 2399 773 2438 totum
832 2394 1099 2450 epigramma
1148 2391 1459 2448 suppeditaret,
1495 2392 1627 2436 verba
1662 2391 1717 2434 υἱὲ

169 2464 348 2523 Σίμωνος
379 2465 599 2522 omittere3
630 2463 732 2510 inde
754 2463 928 2520 colligit,
951 2460 1161 2520 siquidem
1185 2473 1330 2520 saepe,
1352 2473 1461 2519 quae
1490 2461 1536 2506 in
1567 2461 1715 2509 codice

168 2542 372 2595 corrupta
422 2540 778 2594 propagarentur,
828 2531 1135 2591 praeteriret‚²)
1188 2531 1362 2575 Suidam
1416 2531 1497 2576 hoc
1546 2547 1714 2591 quoque

166 2621 294 2661 versu
314 2607 447 2652 verba
476 2605 554 2650 illa
574 2609 774 2663 corrupta
794 2609 932 2648 ratum
965 2616 1052 2647 non
1074 2601 1368 2659 exscripsisse.
1416 2599 1510 2648 Hoc
1530 2601 1713 2651 fortasse

284 2780 309 2826 ¹)
334 2779 435 2815 Vide
461 2779 508 2814 de
534 2778 645 2814 unico
670 2776 843 2814 Aeolidis
870 2775 1026 2813 dialecti
1049 2774 1210 2820 vestigio
1234 2785 1270 2822 p.
1296 2775 1353 2811 26.

278 2838 307 2885 ²)
332 2837 434 2874 Vide
459 2838 680 2885 apparatum
705 2835 785 2873 crit.
810 2835 859 2871 ad
883 2846 942 2884 ep.
968 2835 1003 2872 6.
