2051 3140
876 168 1163 210 -15-

259 293 461 349 ignorans
490 308 628 353 nuper
655 295 743 339 iam
764 293 964 339 fidentius
992 294 1154 340 rettulit
1172 293 1302 339 etiam
1323 306 1391 351 ep.
1416 293 1484 347 19,
1507 304 1589 347 quo
1610 289 1786 335 Selenes

260 362 482 410 cuiusdam
514 377 630 409 mors
661 362 920 422 deploratur.
967 362 1223 409 Coniectura
1250 360 1543 408 memorabilis
1563 363 1680 405 certe
1701 361 1786 413 est;

260 433 337 479 sed
367 446 465 478 cum
496 433 650 477 Selene
679 434 833 478 obierit
861 447 900 477 a.
936 435 1034 490 750,
1063 436 1249 478 metrum
1285 433 1486 477 carminis
1522 444 1674 489 parum
1713 444 1787 473 ex-

258 504 440 563 politum
477 501 594 560 (vide
622 517 665 562 p.
697 504 751 546 31
784 506 828 547 et
864 503 936 557 38)
979 503 1043 548 illi
1087 502 1279 563 opinioni
1323 502 1586 557 adversatur,
1633 499 1786 545 mirum

259 577 484 630 praeterea
499 572 666 617 videtur
681 584 819 628 neque
834 586 979 628 regem
994 573 1153 618 Jubam
1167 586 1305 629 neque
1311 575 1504 629 reqinam
1514 570 1789 628 Cleopatram

260 641 485 697 nominari,
523 639 601 687 sed
636 641 681 685 in
718 654 803 686 uno
839 644 1080 700 coquo-mine
1117 655 1165 688 se
1210 641 1470 687 continuisse
1512 645 1684 699 poetam
1714 638 1787 697 (cf.

260 712 390 756 etiam
410 725 453 769 p.
476 712 539 766 6).
584 711 642 754 At
672 724 837 769 quoquo
867 711 996 756 modo
1025 726 1095 757 res
1124 725 1172 756 se
1202 711 1348 767 habet,
1380 724 1507 755 nemo
1531 711 1690 767 infitias
1709 709 1790 753 ibit

261 780 539 837 Crinagoram
553 781 599 824 in
606 780 770 825 familia
778 780 995 837 Octaviae,
1003 795 1112 839 quae
1121 780 1297 826 Graecis
1305 780 1446 839 poetis
1456 785 1500 825 et
1511 779 1787 838 scriptoribus

261 863 522 909 magnopere
529 850 700 895 favebat
706 852 747 906 ¹),
759 851 899 905 gratia
907 850 1099 895 floruisse
1107 851 1260 895 etsatis
1268 849 1535 895 familiariter
1549 863 1671 894 usum
1693 862 1789 893 esse

261 918 465 965 Marcello
481 921 655 976 eiusque
675 934 820 965 sorore
835 920 1035 964 Antonia.
1085 919 1193 964 Cum
1213 919 1352 965 Druso
1373 920 1502 971 enim,
1519 918 1789 973 Germanico,

263 988 445 1045 Tiberio,
476 989 668 1044 Augusto
699 1001 785 1032 non
816 988 973 1033 artiore
1002 987 1328 1034 necessitudinis
1360 988 1531 1033 vinculo
1567 987 1790 1046 copulatus

263 1064 370 1114 erat,
377 1071 635 1116 quamquam
642 1057 1085 1117 complurapoemata,
1094 1058 1247 1116 quibus
1254 1058 1317 1102 illi
1331 1058 1615 1113 celebrantur,
1622 1061 1793 1101 exstant

263 1128 309 1172 in
338 1126 490 1172 Anth.:
523 1139 620 1185 epp.
658 1127 729 1182 26,
760 1128 831 1182 34,
861 1129 918 1171 45
949 1127 1024 1184 (cf.
1055 1128 1132 1185 48)
1164 1127 1219 1172 ad
1250 1129 1507 1186 Auyustum,
1543 1140 1611 1185 ep.
1641 1127 1699 1169 49
1736 1125 1793 1170 ad

268 1197 537 1252 Tiberium2),
558 1211 625 1255 ep.
643 1198 697 1240 31
714 1196 771 1241 ad
790 1195 1091 1243 Germanicum
1106 1197 1335 1255 pertinent,
1352 1211 1420 1256 ep.
1430 1198 1486 1240 33
1502 1196 1559 1241 ad
1575 1196 1792 1241 Tiberium

264 1272 308 1313 et
327 1266 627 1312 Germanicum
650 1265 766 1323 (vide
786 1280 828 1324 p.
851 1266 950 1323 21),
977 1266 1148 1311 Dimum
1168 1271 1528 1311 commemoratur
1543 1279 1642 1310 cum
1661 1265 1794 1309 Livia

264 1341 308 1381 et
330 1336 506 1381 Octavia
535 1337 581 1380 in
611 1349 679 1393 ep.
702 1335 743 1379 8.
788 1334 951 1380 Horum
981 1342 1126 1380 autem
1148 1336 1340 1380 omnium
1363 1349 1487 1380 nemo
1511 1335 1791 1393 compellatur

264 1420 292 1451 a
326 1410 467 1465 poeta.
528 1404 664 1458 Quam
696 1405 750 1450 ob
789 1419 879 1450 rem
917 1404 1032 1463 quod
1067 1404 1255 1450 Geistius
1292 1406 1536 1464 suspicatur
1573 1419 1659 1450 una
1695 1419 1793 1449 cum

265 1476 456 1533 Augusto
486 1476 532 1519 in
552 1475 703 1520 Asiam
724 1474 1001 1530 Crinagoram
1022 1475 1259 1533 profectum
1281 1488 1378 1520 esse
1409 1475 1602 1533 (propter
1633 1488 1699 1533 ep.
1721 1475 1794 1531 26,

265 1546 339 1590 ubi
359 1545 529 1604 capella
560 1546 811 1602 σύμπλους
839 1546 1036 1605 Καίσαρος
1065 1546 1183 1590 facta
1202 1546 1314 1590 inter
1332 1550 1452 1590 astra
1472 1559 1518 1590 se
1538 1546 1720 1590 relatum
1741 1546 1794 1588 iri

265 1614 444 1675 sperat),
474 1614 519 1660 id
549 1620 637 1661 tam
658 1616 815 1661 mirum
838 1620 906 1662 est
926 1613 1053 1674 quam
1084 1615 1201 1661 omni
1230 1614 1510 1660 fundamento
1532 1614 1793 1661 destitutum.

264 1685 403 1729 Paulo
417 1686 561 1742 plures
575 1686 892 1743 probabilitatis
908 1700 1109 1730 numeros
1126 1686 1255 1729 habet
1270 1684 1462 1729 eiusdem
1479 1700 1519 1728 v.
1530 1685 1571 1728 d.
1581 1686 1796 1730 sententia

266 1752 321 1800 de
350 1753 504 1800 itinere
525 1753 788 1812 Crinagorae
808 1753 1098 1813 Hispaniensi,
1120 1752 1248 1800 modo
1278 1757 1451 1812 poetam
1482 1767 1570 1799 non
1600 1753 1795 1810 Augusti,

265 1823 344 1870 sed
378 1822 596 1883 [discipuli
631 1825 698 1870 sui
706 1824 746 1883 Ρ]
781 1823 975 1870 Marcelli
1005 1825 1205 1870 comitem
1235 1824 1366 1869 fuisse
1406 1828 1658 1880 statuamus,
1690 1837 1795 1881 quo-

266 1908 366 1940 cum
404 1908 492 1939 una
527 1908 624 1939 eum
662 1895 719 1939 ad
755 1895 927 1953 nuptias
963 1894 1180 1953 parandas
1209 1894 1495 1952 praemissum
1524 1907 1631 1939 esse.
1693 1893 1797 1938 Tale

266 1964 381 2009 enim
419 1964 500 2009 iter
537 1964 685 2009 testari
723 1977 821 2022 epp.
843 1965 901 2008 34
930 1968 974 2009 et
1004 1965 1059 2007 15
1088 1963 1205 2008 haud
1233 1964 1382 2021 inepte
1412 1966 1609 2008 autumat
1637 1977 1675 2008 v.
1709 1962 1796 2020 d.⁸)

384 2032 484 2078 Jam
514 2033 751 2079 secundum
782 2033 1007 2079 consilium
1044 2034 1195 2078 initum
1225 2038 1375 2089 restat,
1406 2037 1453 2077 ut
1482 2033 1675 2077 carmina
1703 2032 1797 2077 obi-

387 2171 415 2217 ι)
438 2171 484 2207 Id
515 2170 691 2208 discimus
716 2182 747 2208 e.
773 2182 808 2218 g.
834 2182 882 2207 ex
906 2171 1008 2209 Plut.
1032 2170 1176 2219 Poplic.
1200 2181 1232 2208 c.
1261 2172 1304 2207 17
1330 2173 1379 2215 et,
1404 2171 1437 2207 si
1461 2173 1564 2208 recte
1589 2171 1797 2208 coniectum

266 2231 336 2274 est,
359 2240 406 2266 ex
423 2228 571 2265 nomine
594 2228 749 2266 Antonii
779 2228 904 2266 Thalli
925 2232 1073 2277 poetae.
1110 2229 1369 2265 Germanicum
1400 2232 1524 2266 autem
1554 2229 1797 2276 epigramma·

265 2287 315 2323 tis
352 2297 509 2324 vacasse
549 2286 712 2323 efficitur
747 2298 794 2323 ex
831 2287 1066 2332 carminibus,
1104 2297 1199 2334 qnae
1228 2287 1267 2323 in
1298 2287 1414 2323 Anth.
1441 2287 1510 2323 sub
1540 2287 1620 2323 eius
1650 2287 1798 2323 nomine

265 2344 442 2383 feruntur.

381 2404 412 2450 2)
436 2402 551 2441 Cuius
567 2414 650 2440 cum
666 2403 922 2452 expeditiones
933 2404 1135 2441 Armenica
1151 2406 1191 2440 et
1202 2404 1424 2441 Germanica
1442 2406 1630 2449 canantur,
1649 2415 1798 2441 carmen

266 2464 353 2508 post
387 2473 421 2498 a.
458 2462 572 2507 „⁷46“
609 2462 733 2508 (Dion.
764 2462 810 2499 55
843 2463 882 2505 ὃς
915 2461 1019 2508 Vell,
1050 2462 1132 2499 Pat.
1155 2462 1206 2506 Π,
1231 2462 1290 2509 97)
1322 2464 1441 2498 ortum
1473 2464 1541 2499 est.
1588 2462 1714 2498 Etiam
1751 2462 1798 2498 de

267 2518 532 2561 „barbarorum
569 2519 864 2557 incursionibus“
902 2519 942 2556 in
977 2519 1145 2558 Galliam
1188 2519 1383 2556 Comatam
1419 2520 1536 2566 (Suet.
1572 2519 1656 2556 Tib.
1692 2530 1723 2556 c.
1760 2520 1796 2566 9)

267 2576 434 2623 cogitare
457 2587 569 2625 posse
595 2577 848 2615 Hommsenus
871 2588 930 2614 me
954 2578 1107 2621 monuit,
1125 2588 1244 2625 neque
1262 2580 1389 2615 tamen
1412 2578 1480 2614 has
1498 2588 1521 2612 a
1539 2580 1652 2624 poeta
1677 2579 1800 2614 notari

267 2633 500 2680 crediderim,
524 2635 571 2673 cf.
597 2635 726 2674 Herm.
750 2636 824 2674 vol.
849 2636 905 2681 15,
929 2647 967 2684 p.
995 2637 1071 2674 111.

381 2691 411 2736 8)
436 2692 653 2741 Speciosam
679 2693 813 2733 Geietii
848 2694 1097 2733 coniecturam
1128 2694 1175 2731 de
1207 2694 1329 2743 Aquis
1358 2693 1559 2741 Pyrenaeis
1590 2693 1640 2731 ad
1670 2705 1729 2742 ep.
1753 2695 1800 2732 34

267 2752 387 2800 ipsum
411 2749 573 2791 afferam.
624 2753 765 2791 Contra
788 2764 846 2802 ep.
877 2753 923 2792 39
946 2764 1076 2802 parum
1092 2752 1264 2801 apposite
1282 2752 1330 2790 ad
1347 2763 1428 2789 eam
1453 2751 1704 2790 coniecturam
1730 2753 1799 2789 ml-

268 2810 440 2850 ciendam
464 2810 633 2859 (propter
656 2811 754 2849 viam
777 2823 845 2861 per
869 2811 1030 2861 Ligures
1047 2811 1257 2860 Capillatos
1282 2811 1495 2860 ducentem)
1511 2822 1543 2849 v.
1558 2811 1594 2848 d.
1612 2811 1799 2861 allegavit.

2040 101 2051 195 „m-A„
2037 55 2048 80 vn.
