1964 3053
1127 59 1167 77 Χ

884 119 1170 161 „18-

259 250 430 291 secreta
458 247 764 303 imperatorum
801 245 1110 290 inniterentur“
1143 260 1171 290 a
1207 247 1415 304 scriptore
1456 248 1576 304 (ann.
1608 248 1666 293 111
1698 249 1794 306 30),

259 316 331 374 qui
377 329 460 373 qua
504 313 617 360 solet
669 313 876 360 brevitate
921 319 967 360 et
1001 315 1312 375 perspicuitate
1346 316 1537 364 indolem
1574 322 1618 363 et
1653 333 1795 365 mores

260 386 449 430 Sallustii
493 384 703 442 depingit,
751 385 843 429 iure
887 386 1101 431 nominari
1144 387 1342 444 potuerit.
1426 386 1608 444 „Aetate
1650 392 1794 433 autem

259 459 474 515 provecta,
502 454 591 499 fato
615 455 835 513 potentiae
855 468 952 501 raro
976 456 1290 516 sempiternae“
1323 460 1370 502 ut
1389 455 1563 504 Tacitus
1583 457 1795 517 opinatur,

259 527 441 569 fortasse
473 529 631 579 autem,
662 525 825 568 invisus
858 524 997 570 factus
1030 531 1105 581 „ut
1134 526 1350 584 particeps
1387 528 1678 572 secretorum“
1718 527 1794 585 (ib.

259 593 276 639 I
307 594 355 652 6)
394 592 449 639 de
479 592 682 640 Postumo
713 593 920 654 Agrippa,
955 595 1171 654 „speciem
1209 596 1347 654 magis
1376 596 1421 642 in
1457 597 1649 643 amicitia
1677 598 1796 656 priu-

259 665 365 721 cipis
397 678 526 720 quam
558 665 644 707 vim
675 665 854 708 tenuit.“
908 664 1032 716 Quod
1062 665 1099 710 si
1129 665 1187 709 ad
1207 666 1360 711 initum
1381 679 1552 711 cursum
1574 679 1653 712 nos
1673 679 1795 716 revo-

259 739 409 779 cantes
440 734 718 792 anquiramus
741 734 843 791 iam,
866 748 949 792 quo
970 735 1241 794 potissimum
1263 735 1522 795 imperatore
1543 740 1671 795 poeta
1691 735 1797 781 illud

259 809 403 848 votum
436 805 702 861 conceperit,
734 805 807 848 vix
838 804 1013 849 dubium
1045 808 1122 861 est,
1148 805 1251 862 quin
1281 804 1500 862 Augustus
1523 805 1798 864 intellegatur

260 888 287 919 a
316 877 462 933 poeta,
502 888 588 920 non
634 873 842 931 Tiberius,
891 889 973 932 quo
1010 876 1253 933 imperante
1299 875 1503 921 Sallustio
1543 877 1657 931 „iam
1692 876 1799 921 nihil

259 944 467 1001 reliquum
486 948 593 1000 erat,
604 943 718 1002 quod
734 945 951 1003 cuperet‚“
972 959 1054 1003 quo
1074 946 1314 1004 imperante
1331 945 1556 992 Sallustius
1565 944 1797 992 admodum

261 1029 395 1058 senex
426 1029 464 1058 a.
499 1015 583 1057 773
615 1018 807 1059 mortuus
847 1020 924 1059 est.
987 1014 1135 1071 Neque
1172 1016 1300 1071 igitur
1328 1016 1411 1059 hoc
1447 1017 1713 1073 epigramma
1742 1015 1799 1059 ad

262 1085 420 1130 Tiberii
441 1098 619 1141 regnum
641 1084 834 1130 revocari
853 1087 1009 1143 potest,
1041 1097 1181 1143 neque
1201 1084 1375 1131 omnino
1408 1089 1572 1131 certum
1592 1084 1799 1144 temporis

260 1156 468 1199 indicium
495 1155 740 1210 continet¹),
764 1154 822 1198 ha
841 1154 1027 1198 udaliter
1047 1159 1174 1211 atque
1195 1154 1302 1198 illud
1323 1155 1378 1199 de
1399 1154 1524 1199 Nicia
1552 1168 1721 1213 poema.
1742 1171 1799 1186 -’-

261 1223 385 1277 Quod
415 1228 565 1270 contra
602 1228 828 1282 utrumque
859 1223 1139 1270 asserendum
1171 1228 1237 1271 est
1272 1223 1328 1270 de
1358 1239 1423 1281 eo,
1455 1223 1569 1283 quod
1599 1224 1800 1271 ultimum

263 1296 549 1339 examinaturi
596 1307 758 1350 sumus,
805 1293 919 1351 quod
968 1294 1202 1352 proxim02)
1243 1308 1404 1350 eorum,
1455 1307 1564 1352 quae
1614 1298 1799 1340 aetatem

262 1365 467 1421 tulerunt,
500 1365 857 1423 epigrammatum
896 1364 1049 1410 abesse
1079 1365 1248 1410 videtur
1283 1364 1338 1409 ab
1370 1363 1631 1420 Crinagorae
1662 1365 1798 1409 obitu:

928 1450 993 1493 ep.
1020 1433 1129 1492 313³)

378 1505 565 1550 Summis
610 1503 810 1550 laudibus
847 1517 917 1551 res
954 1518 983 1549 a
1033 1503 1288 1551 Germanico
1332 1509 1483 1551 contra
1529 1504 1802 1560 Germanos⁴)

262 1580 410 1632 gestae
440 1574 786 1633 praeclarissime
824 1573 1086 1618 extolluntur
1115 1582 1242 1631 atque
1280 1573 1607 1633 amplificantur.
1669 1574 1802 1633 Alpes

263 1652 309 1691 et
338 1645 551 1703 Pyrenaei
582 1646 752 1688 montes
791 1644 1058 1699 invocantur,
1096 1645 1168 1700 qui
1213 1648 1345 1688 testes
1389 1648 1534 1688 essent
1571 1643 1801 1699 radiorum,

264 1729 370 1773 quos
403 1714 687 1759 Germanicus
725 1712 1005 1758 fulminasset.
1069 1712 1296 1759 Gonfertos
1334 1714 1544 1761 corruisse
1582 1713 1803 1769 barbaros,

263 1788 349 1831 iam
382 1785 505 1843 Enyo
544 1788 673 1841 atque
704 1782 888 1828 Martem
926 1796 1050 1828 suam
1086 1784 1172 1828 vim
1212 1783 1370 1828 debere
1411 1783 1682 1828 Germanico.
1749 1783 1803 1827 Ei

266 1857 336 1914 qui
371 1854 651 1911 Grinagoram
689 1853 769 1898 sub
800 1853 967 1898 initium
999 1854 1120 1910 regni
1151 1853 1308 1899 Tiberii
1340 1854 1427 1898 iam
1458 1856 1674 1900 mortuum
1707 1866 1803 1899 esse

264 1930 447 1971 censent
484 1930 558 1970 aut
586 1938 805 1969 reversum
842 1925 889 1968 in
919 1923 1145 1968 Graeciam
1179 1922 1255 1981 (?),
1286 1923 1368 1968 hoc
1406 1937 1581 1968 carmen
1616 1923 1805 1968 referunt

264 1998 322 2043 ad
357 1997 544 2041 Drusum
583 1994 901 2039 Germanicum.
971 1993 1156 2047 Quorum
1195 1994 1454 2039 sententiam
1499 1993 1683 2038 antehac
1723 2006 1804 2049 ego

265 2080 433 2125 quoque
469 2064 696 2124 amplexus
727 2077 846 2109 eram
876 2068 1051 2122 propter
1081 2063 1415 2122 descriptionem
1454 2063 1653 2120 regionis,
1694 2075 1804 2120 quae

266 2152 352 2183 non
390 2135 623 2193 quadraret
657 2134 715 2179 ad
753 2133 1000 2179 Germanici
1047 2133 1380 2191 expeditionem,
1417 2137 1595 2191 propter
1625 2133 1804 2177 nimiam

264 2205 579 2252 adulescentuli
621 2204 931 2260 adulationem,
983 2208 1199 2262 postremo
1250 2207 1425 2262 propter
1462 2216 1530 2262 ep.
1573 2203 1645 2259 49,
1691 2200 1805 2259 quod

264 2292 363 2322 cum
415 2277 496 2321 hoc
542 2276 853 2333 epigrammate
896 2274 957 2318 ita
1000 2277 1306 2331 putaveramus
1355 2286 1567 2318 conexum
1612 2285 1710 2317 esse
1759 2276 1807 2316 ut

264 2346 431 2392 Horatii
478 2344 671 2390 carmina
714 2342 787 2400 IV,
817 2345 847 2388 4
891 2350 936 2389 et
983 2344 1051 2399 14,
1100 2357 1196 2389 cum
1238 2346 1368 2402 poeta
1407 2342 1544 2388 altero
1590 2340 1805 2387 Tiberium

264 2420 364 2474 (quo
411 2416 593 2461 fortasse
639 2428 726 2460 non
764 2414 907 2458 minus
945 2413 1214 2458 familiariter
1249 2426 1350 2458 usus
1388 2415 1505 2458 esset
1543 2426 1671 2470 quam
1701 2411 1806 2457 Par·

265 2487 470 2541 thenius),
503 2485 688 2530 Drusum
720 2484 856 2529 altero
887 2484 1137 2529 celebraret.
1184 2482 1308 2528 Hanc
1338 2483 1585 2541 opinionem
1622 2482 1806 2528 Momm-

386 2616 414 2658 1)
438 2615 494 2651 De
520 2625 561 2651 re
583 2612 737 2650 metrica
761 2612 861 2649 illam
887 2611 1112 2649 sententiam
1137 2610 1336 2648 adiuvante
1360 2610 1409 2647 cf.
1433 2621 1469 2658 p.
1493 2611 1550 2647 44.

383 2674 412 2720 2)
438 2673 513 2709 Sed
538 2672 623 2709 vide
647 2683 683 2719 p.
710 2672 768 2707 21.

383 2732 413 2777 ³)
438 2731 482 2768 Id
506 2731 602 2767 falso
626 2729 747 2766 Lollio
773 2729 893 2766 Basso
919 2727 1112 2765 Plauudes
1138 2727 1316 2775 assignat,
1341 2726 1388 2765 cf.
1413 2728 1550 2764 notam.

384 2790 413 2839 ⁴)
440 2788 561 2826 Κελτοί
585 2787 765 2830 nominati
790 2789 877 2829 sunt
899 2786 947 2828 de
971 2796 1083 2826 more.
