2051 3140
852 145 1139 187 ..41-

227 272 273 317 in
301 270 550 330 posterioris
587 270 740 317 aetatis
776 271 1085 330 epigrammate
1120 272 1258 319 laxior
1285 271 1394 318 haec
1423 271 1546 318 elisio
1575 272 1757 328 legatur.
1787 307 1804 319 2

226 339 287 385 At
305 353 473 398 quoquo
503 339 632 385 modo
662 352 732 385 res
752 338 964 398 sehabet,
995 354 1049 387 ex
1079 342 1229 401 paucis
1258 342 1324 387 his
1355 342 1565 400 exemplis
1595 341 1642 385 id
1671 341 1759 385 dis-

226 408 411 455 cendum
447 413 521 455 est·
546 422 635 455 non
670 406 803 455 licere
836 412 1009 468 praeter
1044 412 1349 457 necessitatem
1386 404 1588 456 elisiones
1635 410 1759 455 huius

225 482 382 537 poetae
409 478 600 524 versibus
628 478 860 535 inculcare,
889 493 1001 538 quae
1029 481 1271 527 nominibus
1309 485 1383 526 aut
1419 481 1559 526 verbis
1589 480 1758 525 confor-

219 553 406 594 mentur.
466 547 561 603 Qua
590 550 768 595 metrica
795 550 1065 608 potissimum
1095 552 1262 597 ratione
1285 555 1521 597 commotus
1544 565 1612 610 ep.
1635 552 1757 607 48‚5:

218 622 361 678 μεῖζον
381 632 465 665 non
486 618 635 678 μείζον’
654 618 884 677 legendum
905 634 1001 667 esse
1022 625 1165 667 statuo
1185 624 1315 680 atque
1331 621 1565 667 Hermanni
1587 622 1757 667 coniec-

223 697 333 748 tura,
363 705 448 751 qua
476 706 543 750 ep.
575 691 697 748 26‚5:
728 690 897 751 τριτόκει’
928 691 1159 748 legendum
1191 692 1423 748 existimat,
1464 697 1615 750 sponte
1647 692 1758 736 dilu-

223 762 319 806 itur.
357 786 415 793 —
450 760 500 806 In
528 765 776 807 transcursu
796 763 940 817 *etiam
977 774 1202 807 monemus
1235 762 1279 806 in
1317 763 1596 820 pentametris
1627 762 1756 806 aliam

221 836 270 877 ut
287 831 405 890 apud
426 831 736 879 Callimachum
767 833 831 879 sic
851 832 965 890 apud
988 831 1267 887 Grinagoram
1298 831 1523 877 elisionum
1545 833 1756 878 rationem

222 901 473 959 obtinere¹).

352 1019 394 1061 4.
425 1016 498 1062 De
528 1017 791 1074 longarum
824 1005 1077 1062 vocalium
1108 1020 1158 1061 et
1187 1015 1624 1075 diphthongorum

773 1086 1211 1145 correptionibus.

338 1169 579 1227 Longarum
618 1169 830 1216 vocalium
867 1172 912 1214 et
947 1166 1306 1228 diphthongorum
1345 1167 1520 1212 verbum
1557 1182 1585 1213 a
1619 1168 1758 1214 vocali

219 1241 431 1298 incipiens
469 1239 818 1298 praecedentium
857 1239 1146 1297 correptiones
1192 1241 1371 1296 primus,
1417 1243 1622 1294 quantum
1652 1240 1756 1295 scio,

222 1310 459 1366 Kaibeliue,
505 1310 578 1354 ubi
625 1309 680 1354 de
716 1308 953 1355 Philodemi
999 1309 1165 1353 ratione
1204 1308 1384 1353 metrica
1422 1307 1755 1366 disputationem

218 1379 416 1436 instituit,
446 1379 646 1425 tractavit
676 1377 1131 1437 primusqueostendit
1150 1377 1411 1422 trochaicam
1443 1380 1755 1437 correptionem

220 1447 360 1505 (πλοῦς
396 1466 458 1507 μοι
496 1450 755 1507 ἐπ”Ιταλίην)
794 1450 928 1494 multo
974 1449 1109 1493 rarius
1153 1448 1241 1492 iam
1286 1461 1313 1492 a
1357 1449 1569 1493 veteribus
1617 1451 1756 1507 poetis

219 1520 458 1578 elegiacis2)
490 1520 684 1565 adhiberi
714 1532 841 1578 quam
873 1518 1132 1577 dactylicam
1165 1518 1417 1575 (στέλλομαι,
1450 1518 1506 1560 ὠν
1536 1519 1647 1577 ἤδη).

335 1590 476 1635 Etiam
541 1590 781 1646 religiosius
850 1588 1161 1644 „elegantiores
1226 1603 1499 1633 numerorum
1565 1591 1753 1635 artifices

216 1659 433 1706 trochaico
464 1660 607 1705 hiatu“
640 1661 787 1715 (immo
819 1659 1088 1717 correptione
1117 1659 1191 1716 tr.)
1216 1673 1410 1715 „versum
1442 1661 1755 1719 interrumpere

217 1730 486 1786 verebantur,
517 1743 614 1774 cum
645 1729 904 1788 dactylicum
936 1727 1226 1785 admitterent,
1248 1728 1326 1774 sed
1346 1730 1477 1774 certis
1499 1730 1753 1787 quibusdam

215 1800 364 1845 locis“.
411 1799 539 1844 Velut
571 1799 852 1845 Callimachus
883 1797 965 1855 (καὶ
993 1798 1231 1857 particulae
1262 1799 1532 1857 correptione
1552 1801 1754 1845 nimirum

216 1880 386 1928 semper
429 1868 624 1925 exclusa)
670 1869 714 1912 in
760 1869 1119 1927 epigrammatum
1164 1869 1443 1926 pentametris
1488 1871 1667 1925 nullum,
1708 1870 1754 1914 in

215 1939 474 1984 hexametris
504 1947 708 1998 quattuor
728 1938 836 1994 (duo
866 1944 967 1983 ante
999 1952 1112 1983 caes.
1135 1938 1245 1994 buc„
1267 1937 1352 1983 duo
1381 1939 1426 1982 in
1456 1938 1568 1996 pede
1591 1940 1752 1997 primo)

216 2010 451 2068 dactylicae
495 2008 775 2068 correptionis
824 2008 1025 2067 exempla
1068 2006 1254 2053 admisit.
1323 2006 1390 2052 Ex
1435 2010 1753 2055 successoribus

215 2080 306 2123 eius
345 2092 430 2123 non
466 2092 616 2122 omnes
651 2082 740 2122 tam
779 2092 952 2123 severas
989 2079 1070 2123 sibi
1108 2083 1346 2122 statuerunt
1375 2079 1506 2134 leges.
1537 2081 1754 2138 Meleayer

214 2146 386 2194 demum
417 2146 532 2194 illius
568 2146 813 2207 exemplum
841 2145 1033 2194 imitatus
1068 2151 1147 2204 est,
1179 2160 1276 2193 cum
1313 2148 1359 2193 in
1395 2148 1751 2207 epigrammatum

214 2217 339 2275 (130)
388 2217 659 2262 hexametros
710 2231 796 2261 non
848 2218 931 2262 nisi
979 2217 1271 2274 duodeviginti
1316 2218 1459 2262 intulit
1512 2219 1751 2277 dactylicas

213 2288 518 2347 correptiones,
540 2285 902 2345 (quattuordecim
933 2290 1037 2334 ante
1066 2301 1104 2333 c.
1126 2287 1198 2342 b.),
1220 2288 1264 2332 in
1295 2291 1587 2346 pentametros
1621 2290 1749 2335 etiam

330 2390 357 2439 ¹)
381 2391 564 2429 Attamen
586 2390 675 2428 inde
699 2400 844 2438 quoque
867 2389 1008 2439 aliquid
1039 2390 1234 2428 lucramur.
1281 2390 1379 2428 Nam
1411 2391 1517 2428 elisio
1547 2391 1667 2439 qualis
1692 2395 1752 2429 est

211 2448 333 2497 nqqsl‘
357 2446 529 2498 ἆσπασίῳ
554 2449 627 2497 (ep.
650 2448 747 2495 46,4)
770 2458 843 2485 non
868 2448 1071 2486 condonari
1093 2451 1220 2498 potest
1243 2449 1315 2487 nisi
1340 2449 1452 2487 tironi
1468 2452 1610 2497 poetae.

245 2524 248 2526 v
324 2507 354 2553 2)
380 2507 494 2555 Apud
518 2506 712 2550 Gallinam,
736 2506 947 2552 Tyrtaeum,
972 2506 1251 2551 Archilochum,
1279 2507 1548 2550 mmmmm,
1575 2507 1748 2544 Solonem

209 2566 249 2603 in
272 2564 498 2603 hexametris
521 2564 760 2602 inveniuntur
783 2575 858 2603 sec.
882 2563 1095 2603 Kaibezium
1118 2564 1366 2612 quadraginta
1389 2575 1456 2602 sex
1479 2565 1749 2613 dactylicarum

210 2634 303 2661 corr.
335 2623 517 2670 exempla,
554 2634 601 2659 ex
631 2623 767 2670 quibus
797 2623 952 2669 triginta
981 2625 1155 2669 quattuor
1184 2625 1271 2659 ante
1303 2634 1402 2660 caes,
1426 2624 1523 2667 buc„
1548 2624 1585 2659 in
1617 2625 1748 2670 quinto

208 2680 305 2732 pede
329 2681 484 2729 septem,
507 2679 548 2717 in
579 2679 699 2729 primo
732 2681 918 2727 quattuor,
951 2679 991 2716 in
1027 2679 1140 2716 tertio
1172 2691 1295 2725 unum,
1325 2679 1465 2717 nullum
1495 2680 1534 2717 in
1564 2682 1747 2721 secundm

209 2741 247 2778 in
282 2738 526 2788 pentametris
562 2748 694 2776 novem
730 2738 937 2787 inpriore,
980 2737 1260 2786 duodetriginta
1300 2739 1338 2776 in
1379 2739 1584 2786 posteriore
1624 2744 1745 2790 ραι-ως

210 2796 469 2846 correptiones
500 2794 705 2835 trochaicae
733 2796 883 2834 omnino
913 2806 1047 2841 novem,
1073 2807 1120 2832 ex
1152 2796 1285 2845 quihus
1314 2798 1391 2833 tres
1422 2796 1461 2833 in
1490 2798 1748 2846 pentametris.
