1964 3053
847 129 1133 172 ..26-

218 258 353 305 fretus
375 274 460 304 non
482 258 631 303 dubito
652 256 837 302 Heckeri
859 257 1147 302 coniecturam
1166 257 1277 304 ὁπᾶς
1293 255 1352 299 ἐπὶ
1366 255 1426 299 σοί
1441 256 1515 313 (cf.
1524 270 1593 316 ep.
1603 257 1694 316 1,6)
1710 257 1755 302 in

220 329 542 388 epigrammatis
579 332 603 372 5
642 341 810 373 versum
842 333 1010 372 sextum
1040 327 1209 384 inferre,
1246 341 1331 385 qua
1365 326 1538 385 quidem
1572 327 1754 378 latinum

222 409 331 445 totus
377 409 473 444 tuus
517 398 688 453 egregie
740 397 931 442 refertur.
980 422 1037 429 ·—
1083 396 1237 455 Utique
1276 410 1377 442 vero
1411 398 1569 443 latinus
1613 408 1755 444 sermo

220 470 427 514 maiorem
463 468 551 513 vim
586 467 775 512 habebat
811 479 937 524 quam
972 470 1121 525 patria
1166 466 1391 523 dialectus,
1426 468 1546 513 cuius
1581 467 1755 513 unicum

219 540 447 595 vestigium
478 537 815 596 deprehenditur
843 537 890 581 in
921 551 988 595 ep.
1021 538 1141 594 3651:
1171 538 1342 598 τερένης,
1374 551 1502 596 quam
1532 537 1753 584 Aeolicam

217 609 399 655 formam
426 612 623 654 recenset
652 607 959 665 grammaticus
990 607 1164 665 quidam
1196 608 1355 668 (Gram.
1377 608 1458 654 An.
1482 606 1561 654 Ox.
1592 607 1626 665 Ι,
1645 608 1754 665 413;

219 680 272 724 cf.
303 679 460 735 Bergk.
492 678 549 723 ad
580 679 728 723 Alcaei
759 679 809 723 fr.
841 679 915 722 61:
953 682 1110 740 τερένας
1139 682 1261 729 ἄνθος
1292 681 1469 741 ὀπώρας)
1503 679 1568 724 his
1591 679 1753 724 verbis:

217 756 301 798 πῶς
320 751 347 807 ἡ
368 752 505 809 τέρενα
526 749 697 809 εἴρηκεν;
736 750 800 791 καὶ
831 750 929 792 ἔστιν
962 752 1088 803 εἰπεῖν,
1123 754 1177 794 ὅτι
1209 753 1283 795 ἀπὸ
1322 757 1389 795 τοῦ
1420 754 1536 812 τέρην
1568 751 1595 808 ἡ
1626 748 1753 807 γενικὴ

217 824 382 882 τέρενος,
423 822 487 864 καὶ
524 826 726 878 μετάγεται
763 822 789 878 ἡ
820 822 948 880 γενικὴ
988 824 1041 871 εἰς
1078 823 1231 866 εὐθεῖαν
1263 825 1283 866 ὁ
1314 825 1479 883 τέρενος,
1513 822 1588 865 ἀπὸ
1619 821 1753 864 τούτου

216 894 393 951 θηλυκὸν
425 894 560 953 τερένη
593 893 657 935 καὶ
688 893 891 941 Αἷολικῶς.
901 894 931 947 ¹)

333 964 411 1009 His
450 964 657 1022 expositis
696 963 923 1009 redeamus
959 965 1016 1009 ad
1051 965 1097 1009 id
1135 965 1250 1010 unde
1287 964 1467 1021 digressi
1503 976 1666 1018 sumus,
1696 961 1754 1007 ad

216 1037 385 1094 epicum
408 1048 664 1090 sermonem,
687 1049 870 1091 quocum
891 1037 1117 1081 concinere
1133 1037 1319 1082 diximus
1335 1038 1563 1081 dialectum
1578 1037 1752 1092 epicam.

215 1105 324 1150 Eam
355 1118 443 1149 non
463 1105 559 1149 aliis
590 1104 736 1149 formis
759 1104 1037 1161 Crinagoram
1057 1111 1322 1164 temperasse
1350 1107 1537 1163 primum
1557 1104 1638 1149 hoc
1657 1103 1753 1148 loco

214 1174 478 1220 monendum
486 1179 562 1219 est.
586 1173 679 1226 Qua
686 1174 958 1230 aequalitate,
966 1180 1013 1219 ut
1020 1188 1233 1220 consensu
1242 1173 1753 1220 indicaveruntBaehrius

215 1250 258 1289 et
303 1244 506 1299 Geistius,
552 1243 707 1287 mirum
745 1248 948 1300 quantum
988 1245 1143 1290 ceteris
1183 1244 1469 1300 Anthologiae
1507 1243 1646 1301 poetis
1676 1256 1752 1285 ex-

215 1314 344 1359 cellit.
406 1313 525 1357 Haec
564 1326 730 1370 quoque
766 1313 898 1358 virtus
938 1327 992 1357 ex
1038 1313 1244 1370 diligenti,
1291 1328 1376 1371 qua
1420 1313 1606 1357 imbutus
1646 1316 1752 1366 erat,

214 1383 453 1429 eruditione
485 1395 685 1427 manasse
716 1382 894 1426 videtur.
941 1382 1050 1427 Nam
1081 1383 1274 1441 plerique
1302 1386 1461 1441 poetae
1493 1383 1566 1437 „in
1594 1381 1677 1425 hac
1707 1394 1753 1424 re

214 1455 379 1499 aurium
416 1452 574 1497 iudicio
611 1452 707 1510 plus
745 1453 968 1509 aliquanto
1005 1466 1132 1510 quam
1170 1454 1331 1498 severis
1377 1452 1752 1509 grammaticorum

211 1523 454 1582 praeceptis
498 1522 741 1567 tribuerunt
785 1527 912 1579 atque
957 1522 1221 1567 diversarum
1272 1521 1555 1567 dialectorum
1603 1520 1752 1565 formis

214 1592 370 1638 callide
401 1592 638 1636 coniunctis
669 1596 887 1646 caverunt,
918 1604 973 1635 ne
1004 1596 1077 1635 aut
1107 1592 1259 1636 erebra
1288 1590 1522 1635 eorundem
1550 1603 1749 1634 sonorum

212 1663 439 1708 iteratione
477 1675 602 1706 aures
639 1669 930 1717 onerarentur,
969 1666 1044 1706 aut
1088 1662 1233 1707 dorico
1271 1661 1535 1719 πλατειασμῳ”
1572 1660 1751 1716 elegiaci
1779 1685 1781 1687 ·

212 1734 380 1777 numeri
425 1732 603 1776 nimium
649 1735 941 1789 gravarentur,
981 1736 1056 1776 aut
1099 1732 1351 1778 mollioribis
1387 1731 1559 1777 ionismi
1602 1729 1750 1775 formis

212 1804 391 1847 nimium
413 1803 760 1846 enervarentur.“
794 1801 907 1858 (Jac.
929 1816 971 1859 p.
994 1801 1132 1857 XLV)
1164 1802 1337 1847 Certum
1369 1802 1498 1858 igitur
1525 1800 1750 1846 consilium

212 1873 346 1917 secuti
377 1873 526 1929 epieae
557 1870 742 1916 dialecto
774 1870 945 1915 doricas
975 1871 1134 1916 formas
1165 1872 1413 1917 inserebant
1440 1877 1595 1929 poetae
1623 1874 1751 1927 atque

212 1957 266 1987 ex
312 1942 538 1987 contrario.
600 1939 693 1985 Hac
731 1954 831 1985 vero
870 1941 1034 1985 ratione
1072 1954 1126 1985 ea
1163 1941 1356 1987 carmina
1392 1940 1597 1986 destituta
1637 1944 1749 1995 sunt,

211 2024 391 2068 quorum
406 2011 532 2068 epica
547 2011 714 2068 species
729 2010 936 2065 turbatur,
954 2010 989 2054 si
1008 2010 1076 2053 vel
1099 2023 1184 2055 una
1207 2011 1342 2056 attica
1357 2014 1431 2054 aut
1447 2009 1595 2054 dorica
1613 2009 1751 2054 forma

208 2081 488 2136 immiscetur,
534 2080 787 2138 praesertim
804 2080 868 2127 ,in
905 2093 956 2124 eo
1003 2084 1145 2137 poeta,
1182 2080 1255 2137 qui
1290 2079 1536 2137 ceteroquin
1581 2091 1751 2124 summa

210 2151 492 2208 constantia2)
523 2155 652 2208 atque
683 2154 775 2195 arte
805 2148 992 2207 quadam
1020 2150 1191 2208 epicum
1218 2150 1405 2195 colorem
1436 2153 1624 2196 sectatus
1670 2153 1748 2194 est.

209 2385 295 2411 num
319 2384 420 2411 mors
445 2373 545 2419 (vide
570 2383 682 2421 supra
707 2371 867 2417 „iniecta
893 2374 1011 2409 morte
1035 2372 1223 2419 tegebat“,
1249 2372 1382 2419 Prop.:
1407 2381 1529 2417 „mors
1554 2381 1639 2408 mea
1662 2370 1750 2408 nixa

206 2433 326 2480 t0r0“)
352 2432 557 2469 adhibitum
582 2434 657 2476 est3
691 2442 778 2468 nam
803 2442 862 2479 ep.
887 2431 1051 2479 spurium
1076 2430 1182 2468 duco.
1229 2431 1287 2467 De
1313 2429 1544 2478 Σκυλοφόρος
1567 2446 1615 2461 =
1637 2429 1748 2467 Fere-

211 2490 307 2528 trius
335 2492 408 2538 (ep.
435 2489 493 2537 11)
519 2489 568 2527 cf.
593 2491 708 2537 caput
732 2491 916 2536 quartum.

327 2548 354 2593 ¹)
380 2547 480 2584 Vide
503 2548 549 2584 R.
574 2547 731 2584 Meister
755 2546 832 2583 Die
852 2546 984 2595 yriech.
1010 2545 1118 2584 Dial.
1144 2546 1212 2594 Ip.
1240 2547 1317 2584 147.

322 2606 351 2652 2)
375 2606 453 2643 Uni
489 2605 752 2654 epigrammati
787 2606 846 2649 20,
883 2605 982 2653 quod
1017 2603 1252 2652 suppositum
1288 2615 1372 2642 esse
1409 2604 1529 2641 credit
1569 2603 1749 2650 Geistius,

206 2665 468 2712 exceptionem
498 2665 597 2710 dedi,
629 2676 713 2701 cum
744 2665 839 2701 duae
871 2676 968 2711 quae
991 2664 1047 2700 ibi
1070 2663 1245 2710 leguntur
1274 2664 1411 2701 formae
1436 2663 1603 2701 doricae:
1635 2660 1748 2711 κῆγαὶ,

207 2722 403 2771 ἆγητῆρσιν
433 2723 605 2760 consulto
636 2725 788 2771 propter
811 2721 1018 2760 bucolicam
1048 2721 1222 2759 carminis
1250 2721 1412 2759 indolem
1443 2722 1635 2769 quaesitae
1665 2730 1749 2759 ease

205 2782 414 2820 videantur.
