2051 3140
943 717 991 772 Ι.
1079 752 1085 759 -

687 821 755 876 De
789 822 897 876 vita
932 820 1248 887 Grinagorac.

319 938 384 983 De
420 939 679 995 Grinagorae
714 936 969 1002 Mytilenaei
1010 936 1098 980 vita
1133 936 1325 992 quaestio
1362 935 1576 992 quomodo
1610 936 1734 981 insti-

204 1008 363 1053 tuenda
392 1009 460 1064 sit,
491 1021 624 1066 opera
649 1007 734 1052 levi
755 1006 998 1062 constituet,
1030 1005 1103 1062 qui
1133 1005 1444 1062 epigrammata
1474 1004 1734 1061 Grinagorae

206 1078 394 1133 quamvis
424 1078 582 1135 raptim
612 1076 870 1134 percurrerit
905 1079 1035 1130 atque
1065 1075 1379 1132 comparaverit
1416 1088 1513 1119 cum
1551 1075 1733 1120 exilibus

204 1160 311 1202 quae
347 1146 402 1192 de
447 1160 499 1192 eo
543 1145 745 1202 leguntur
789 1143 1045 1202 scriptorum
1089 1142 1368 1203 testimoniis.
1419 1142 1571 1188 Statim
1617 1144 1732 1188 enim

204 1215 348 1260 omnia
375 1216 478 1273 fere,
510 1228 619 1273 quae
641 1214 695 1259 de
725 1218 856 1272 poeta
875 1213 950 1257 illo
971 1214 1167 1257 novimus
1198 1218 1242 1257 et
1272 1226 1380 1269 quae
1401 1218 1447 1257 ut
1467 1218 1585 1257 certa
1605 1218 1733 1271 atque

200 1284 440 1331 indubitata
457 1283 708 1341 Reiskiu8,¹)
730 1282 1011 1339 Jacobeiuey)
1031 1281 1262 1339 Geiotiusv
1277 1281 1436 1340 aliique
1450 1281 1731 1340 tradiderunt,

202 1359 245 1400 et
274 1368 329 1400 ex
356 1354 567 1414 poematis
597 1354 705 1412 ipsis
736 1353 881 1398 elicita
910 1366 1006 1399 esse
1037 1358 1081 1397 et
1110 1354 1173 1401 eis
1202 1366 1356 1411 reapse
1386 1354 1594 1398 contineri
1629 1368 1727 1411 per-

200 1426 330 1483 cipiet
363 1425 562 1483 ideoque,
598 1425 669 1482 qui
708 1423 763 1469 de
799 1438 851 1469 eo
888 1424 1075 1470 scribere
1111 1423 1228 1480 velit,
1264 1423 1378 1469 hunc
1407 1438 1435 1469 a
1470 1425 1729 1471 carminibus

198 1495 425 1553 proficisci,
456 1494 615 1540 referre
645 1495 793 1539 omnia
813 1493 870 1538 ad
890 1495 1084 1539 carmina
1103 1501 1282 1549 necesse
1301 1508 1409 1539 esse.
1469 1494 1617 1552 Itaque
1648 1510 1728 1541 nos

199 1578 366 1622 quoque
396 1565 527 1609 vitam
558 1568 714 1622 poetae
742 1564 825 1608 hoc
854 1564 900 1607 in
926 1564 1067 1622 capite
1094 1564 1331 1608 enarraturi
1361 1578 1457 1609 eam
1488 1564 1729 1610 disserendi

195 1634 406 1680 rationem
427 1633 751 1693 amplectemur,
772 1637 820 1678 ut
840 1633 1010 1690 singula
1029 1633 1352 1691 epigrammata,
1374 1646 1483 1691 quae
1504 1634 1561 1679 ad
1577 1635 1727 1680 Crina-

194 1718 324 1760 gorae
344 1705 458 1749 vitae
479 1703 782 1760 conditionem,
814 1703 1166 1760 necessitudines,
1198 1706 1385 1749 aetatem
1406 1703 1727 1761 investigandas

194 1778 458 1820 momentum
501 1772 676 1830 habent,
723 1774 1022 1831 conquiramus
1067 1778 1194 1831 atque
1240 1786 1363 1831 quae,
1395 1776 1457 1819 eis
1501 1775 1725 1833 patefiunt,

194 1847 349 1889 cuncta
378 1857 673 1900 congeramus.

311 1912 389 1958 Cui
404 1913 576 1969 negotio
589 1912 636 1957 id
653 1916 771 1959 certe
786 1926 953 1958 summo
961 1912 1249 1958 emolumento
1258 1919 1337 1970 est,
1346 1913 1459 1972 quod
1470 1913 1724 1971 Grinagoras

192 1998 451 2044 quamquam
465 1984 669 2043 alioquin,
684 1998 712 2029 a
730 1988 867 2029 metro
881 1984 920 2030 si
932 1983 1196 2041 discesseris,
1210 1987 1380 2042 magnis
1401 1999 1483 2031 nec
1499 1988 1723 2033 virtutibus

192 2070 272 2102 nec
292 2056 405 2102 vitiis
426 2070 481 2100 ex
503 2060 742 2101 ceterorum
771 2053 1056 2112 Anthologiae
1087 2059 1313 2113 poetarum
1344 2055 1538 2102 eiusdem
1569 2053 1722 2103 aetatis

191 2139 347 2180 magno
368 2139 545 2169 numero
567 2126 740 2180 eminet,
762 2139 813 2169 eo
834 2129 982 2170 tamen
1001 2125 1174 2171 nomine
1195 2126 1258 2171 eis
1278 2126 1495 2184 aliquanto
1516 2132 1721 2186 praestat,

191 2195 305 2253 quod
341 2209 439 2241 cum
476 2195 608 2240 ceteri
644 2207 816 2252 semper
845 2193 936 2240 fere
971 2193 1125 2240 eadem
1163 2194 1232 2240 vel
1266 2195 1425 2241 similia
1467 2202 1722 2253 argumenta

191 2265 381 2311 versibus
416 2268 624 2310 exornent
661 2277 714 2308 ac
750 2268 917 2309 veteres
953 2263 1079 2309 huius
1116 2265 1260 2323 poesis
1303 2267 1474 2321 generis
1521 2267 1720 2323 cultores,

188 2335 234 2380 in
270 2333 493 2393 permultis
530 2332 790 2391 Orinagorae
827 2334 1149 2392 epigrammatis
1182 2335 1273 2380 eius
1303 2335 1554 2382 imitationis
1591 2338 1719 2382 vesti-

188 2406 260 2460 gia
285 2418 372 2450 non
401 2405 688 2460 inveniuntur,
720 2408 870 2449 contra
899 2408 1039 2449 certas
1070 2405 1334 2461 occasiones,
1365 2406 1517 2463 quibus
1548 2421 1719 2453 accom-

187 2473 364 2520 modata
389 2478 500 2533 sunt,
532 2474 687 2534 dispici
716 2474 963 2520 etiamnunc
991 2473 1104 2519 licet.
1152 2473 1301 2533 Neque
1321 2480 1468 2521 tamen
1488 2476 1583 2534 hoc,
1605 2477 1719 2535 quod

308 2601 331 2647 ¹)
355 2602 475 2640 Anth.
498 2602 667 2639 Graecae
692 2613 715 2639 a
740 2602 986 2641 Constantino
1011 2602 1178 2650 Cephala
1202 2604 1373 2641 conditae
1398 2604 1485 2641 libri
1506 2607 1583 2642 tres
1600 2605 1719 2654 (Lips.

188 2660 311 2705 1754):
338 2658 505 2703 „Notitia
527 2662 756 2707 poem-uin‘,
779 2671 816 2708 p.
839 2660 906 2697 221
933 2670 1014 2707 sqq.

301 2716 332 2764 ²)
357 2716 715 2756 Animadversiones
733 2718 772 2755 in
789 2718 923 2767 epigrr.
940 2718 1057 2757 Anth.
1076 2718 1140 2757 Gr.
1156 2719 1229 2756 vol.
1247 2719 1317 2756 III.
1335 2731 1371 2767 p.
1387 2719 1465 2758 ΠΙ.
1487 2721 1718 2769 „catalogus

183 2776 413 2824 poetarum“,
436 2786 474 2824 p.
499 2775 568 2814 876
593 2787 673 2824 sqq.

299 2833 331 2880 θ)
356 2831 609 2884 „Krinagom
633 2844 706 2892 von
731 2834 946 2886 Mytilene.“
995 2835 1163 2873 Glossae.
1189 2835 1291 2873 1849.
1315 2835 1445 2882 Progr.

1463 2896 1481 2933 l
