1964 3053
885 126 1170 169 ...20-

256 253 516 299 Graeculum
561 252 752 309 magistri
797 266 977 299 munere
1011 254 1204 299 functum
1242 266 1354 311 esse,
1390 253 1574 300 fortasse
1610 254 1679 301 vel
1708 252 1793 301 Oc-

255 325 397 369 taviae
427 325 584 368 liberos
615 323 822 369 erudisse.
1665 365 1667 367 ,

371 393 470 439 Jam
501 392 805 451 quaerentibus
826 393 965 450 nobis,
993 392 1208 453 quomodo
1229 391 1332 439 fieri*
1344 394 1545 453 potuerit,
1575 396 1625 439 ut
1642 393 1794 441 Grina-

256 478 397 520 goras,
427 464 627 519 ignobilis
659 465 908 522 ceteroquin
939 464 1243 523 Mytilenaeas,
1273 463 1332 508 ad
1350 463 1465 509 hunc
1496 465 1608 509 vitae
1635 468 1795 510 statum

257 538 430 578 evectus
457 533 792 579 illustrissimam
824 538 998 591 gentem
1021 532 1227 580 Octaviae
1257 534 1577 580 necessitudine
1608 532 1794 592 quadam

258 604 541 659 contingeret,
575 616 662 648 non
693 603 1068 660 dissimulaverim,
1089 604 1284 662 quamvis
1300 604 1546 649 dubitanter
1561 605 1794 660 enuntiem,

258 673 549 717 coniecturam
582 673 814 730 quandam,
845 687 972 730 quam
1002 673 1059 718 de
1087 672 1171 718 hac
1201 687 1248 718 re
1277 674 1422 718 animo
1453 673 1644 731 concepi.

372 741 511 800 Supra
560 742 622 800 (p.
653 743 704 798 4)
757 741 1004 801 Theophani
1039 741 1243 787 historico
1289 743 1493 800 quantum
1541 741 1792 801 Mytilenaei

256 811 498 868 debuerint,
545 811 894 869 significavimus.
962 811 1098 866 Quem
1144 825 1231 857 non
1276 811 1406 857 modo
1450 813 1695 858 libertatem
1731 809 1799 858 eis

256 882 514 940 impetrasse
534 896 562 926 a
582 881 806 941 Pompeio„
824 882 904 928 sed
924 883 1055 928 etiam
1086 882 1170 928 alio
1192 881 1322 928 modo
1343 881 1554 941 profuisse
1585 885 1797 928 testantur

255 957 299 997 et
338 952 562 998 Strabonis
593 952 726 997 verba
764 952 883 1010 (xm
920 968 963 1012 p.
996 953 1132 1010 617.):
1178 954 1243 996 καὶ
1287 957 1417 1001 πάσας
1461 954 1796 1014 συγκατώρῧοῆεν

256 1024 362 1082 αὐτῷ
394 1023 472 1080 (sc.
505 1023 718 1083 Πομπηΐῳ)
748 1025 821 1073 τὰς
850 1017 1020 1085 πράξεις,
1054 1023 1124 1084 ἀφ’
1142 1025 1197 1067 ὦν
1227 1024 1299 1084 τῆν
1330 1040 1372 1069 τε
1402 1026 1565 1086 πατρίδα
1585 1026 1794 1083 ἐκόσμησε,

255 1097 304 1138 τὰ
343 1095 413 1152 μὲν
450 1094 496 1139 δι’
514 1096 671 1148 ἐκείνου,
712 1097 761 1138 τοὶ
799 1095 841 1139 δὲ
878 1094 925 1139 δι’
942 1096 1094 1148 ἑαυτοῦ,
1134 1101 1177 1141 et
1214 1096 1349 1141 Taciti
1389 1096 1509 1152 (ann.
1543 1096 1600 1140 Vl
1630 1111 1667 1141 c.
1701 1097 1795 1152 18)=

258 1166 490 1221 „defuncto
522 1165 773 1225 Theophani
804 1166 1017 1211 caelestes
1049 1165 1232 1212 honores
1240 1165 1271 1224 ¹)
1303 1165 1472 1212 Graeca
1500 1164 1693 1212 adulatio
1719 1165 1796 1211 tri-

256 1237 450 1292 buerat“,
484 1241 528 1282 et
556 1237 783 1295 inscriptio
821 1239 866 1281 in
897 1237 1090 1282 Dittenb.
1121 1237 1218 1294 syll.
1256 1251 1321 1280 nr.
1360 1237 1467 1280 2602
1500 1270 1510 1280 .
1531 1270 1541 1280 .
1560 1238 1797 1295 φιλοπάτμδι

257 1307 457 1367 Θεοφάνη,
490 1305 547 1367 τῷ
578 1307 724 1368 σωτῆρι
754 1307 819 1350 καὶ
848 1306 1032 1368 εὐεργὲτᾳ
1061 1306 1126 1351 καὶ
1156 1307 1290 1365 κτίστᾳ
1320 1307 1487 1369 δευτέρῳ
1512 1312 1586 1367 τῆς
1604 1307 1793 1368 πατρίδος.

258 1379 332 1435 (cf.
364 1379 473 1423 Mitt.
513 1378 556 1422 d.
594 1378 710 1423 arch.
747 1378 849 1422 Inst.
881 1380 927 1422 in
957 1378 1100 1422 Athen
1139 1378 1254 1420 1884
1288 1392 1331 1437 p.
1363 1378 1455 1435 87);
1485 1379 1616 1423 etiam
1645 1378 1797 1436 poesin

254 1449 301 1492 in
339 1448 431 1493 eius
461 1446 628 1493 familia
658 1448 818 1493 cultam
850 1461 946 1494 esse
977 1447 1279 1506 comprobatur
1308 1447 1507 1507 exemplo
1538 1446 1596 1493 M.
1618 1447 1799 1506 Pompei

256 1518 452 1562 Iunioris.
515 1517 668 1563 Nonne
689 1519 817 1572 igitur
849 1523 1187 1563 consentaneum
1218 1521 1284 1561 est
1314 1517 1427 1562 hunc
1459 1518 1592 1562 virum
1623 1518 1800 1575 eiusque

256 1592 454 1646 posteros
491 1588 562 1645 qui
599 1587 796 1633 similiter
841 1587 957 1646 apud
1002 1588 1283 1646 imperatores
1319 1587 1501 1633 multum
1545 1588 1800 1633 auctoritate

256 1659 461 1703 valebant
491 1658 564 1716 (cf.
597 1672 639 1716 p.
671 1657 733 1715 4),
765 1657 995 1716 populares
1017 1656 1235 1703 adiuvisse
1255 1657 1537 1715 omnimodo,
1558 1658 1600 1703 si*
1615 1657 1798 1703 Romam

257 1730 493 1784 venissent,
531 1727 600 1772 vel
640 1731 688 1771 ut
725 1741 775 1772 eo
818 1742 866 1772 se
902 1727 1145 1772 conferrent
1182 1727 1470 1785 compulisse?
1520 1726 1674 1773 Nonne
1708 1728 1801 1772 fieri

256 1799 408 1857 potuit,
447 1800 498 1844 ut
534 1795 805 1854 Grinagoras,
844 1797 909 1841 vir
944 1810 1031 1842 non
1067 1796 1232 1853 vulgari
1267 1798 1457 1854 ingenio,
1502 1798 1606 1843 item
1650 1811 1799 1843 eornm

257 1869 515 1914 liberalitate
554 1872 598 1913 et
635 1868 903 1912 humanitate
943 1881 1047 1913 usus
1080 1867 1267 1912 Romam
1303 1871 1531 1926 provectus
1568 1881 1665 1913 eam
1695 1880 1799 1913 con-

259 1939 470 1984 ditionem
521 1938 634 1983 vitae
680 1938 1014 1994 nancisceretur,
1061 1951 1189 1995 quam
1242 1951 1373 1996 supra
1423 1935 1799 1997 descripsimus?⁸)

258 2010 398 2067 Atque
444 2009 481 2054 si
526 2009 643 2067 ipsos
689 2022 775 2053 non
820 2007 992 2065 adierit,
1037 2012 1185 2054 tamen
1231 2021 1381 2054 eorum
1417 2007 1665 2067 exemplum
1700 2022 1798 2054 eum

258 2084 466 2136 secutum,
512 2093 660 2124 eorum
706 2079 960 2124 auctoritate
998 2084 1239 2137 permotum
1271 2077 1452 2125 Romam
1489 2078 1696 2136 migrasse
1731 2076 1799 2123 di·-

259 2149 443 2196 cendum
476 2149 570 2195 erit.

376 2336 401 2382 ¹)
429 2336 476 2373 cf.
504 2345 672 2372 nummos
697 2345 781 2372 cnm
813 2334 1033 2384 epigraphe:
1061 2331 1157 2375 Θεὸς
1174 2332 1363 2383 Θεοφάνης
1385 2337 1475 2372 Mer.
1522 2332 1704 2372 Hionnet.
1729 2333 1798 2374 ΙΙΙ,

257 2408 294 2442 p·
318 2395 585 2501 4⁷⁸²)mep30830
609 2451 709 2501 apud
740 2450 956 2489 Kaibelium
989 2451 1022 2489 si
1052 2450 1250 2488 deberetur
1276 2448 1329 2488 M.
1357 2449 1536 2501 Pompeio
1564 2449 1722 2498 Juniori,
1750 2449 1799 2489 ad

257 2514 355 2551 hanc
379 2512 606 2550 sententiam
631 2510 849 2549 firmandam
874 2522 948 2547 non
971 2509 1163 2561 paululum
1188 2509 1339 2548 faceret.
