<?xml version="1.0" encoding="UTF-8"?>
<!DOCTYPE html PUBLIC "-//W3C//DTD XHTML 1.0 Transitional//EN"
    "http://www.w3.org/TR/xhtml1/DTD/xhtml1-transitional.dtd">
<html xmlns="http://www.w3.org/1999/xhtml" xml:lang="en" lang="en">
 <head>
  <title>
</title>
<meta http-equiv="Content-Type" content="text/html;charset=utf-8" />
  <meta name='ocr-system' content='tesseract 3.04.00' />
  <meta name='ocr-capabilities' content='ocr_page ocr_carea ocr_par ocr_line ocrx_word'/>
</head>
<body>
  <div class='ocr_page' id='page_1' title='image "4738131_0018.png"; bbox 0 0 1964 3053; ppageno 0'>
   <div class='ocr_carea' id='block_1_1' title="bbox 848 140 1106 182">
    <p class='ocr_par' dir='ltr' id='par_1_1' title="bbox 848 140 1106 182">
     <span class='ocr_line' id='line_1_1' title="bbox 848 140 1106 182; baseline 0 -11"><span class='ocrx_word' id='word_1_1' title='bbox 848 140 1106 182; x_wconf 76' lang='grc'><strong>-8-</strong></span> 
     </span>
    </p>
   </div>
   <div class='ocr_carea' id='block_1_2' title="bbox 179 264 1799 2561">
    <p class='ocr_par' dir='ltr' id='par_1_2' title="bbox 179 264 1799 2561">
     <span class='ocr_line' id='line_1_2' title="bbox 206 264 1760 327; baseline 0.003 -17"><span class='ocrx_word' id='word_1_2' title='bbox 206 264 371 310; x_wconf 85' lang='lat' dir='ltr'><strong>fecerat</strong></span> <span class='ocrx_word' id='word_1_3' title='bbox 400 265 601 325; x_wconf 79' lang='lat' dir='ltr'>scriptor)</span> <span class='ocrx_word' id='word_1_4' title='bbox 632 266 697 309; x_wconf 87' lang='grc' dir='ltr'><strong>καὶ</strong></span> <span class='ocrx_word' id='word_1_5' title='bbox 727 266 897 323; x_wconf 79' lang='grc' dir='ltr'>ἔμελλον</span> <span class='ocrx_word' id='word_1_6' title='bbox 929 266 1043 315; x_wconf 70' lang='grc' dir='ltr'><strong>αὖθις</strong></span> <span class='ocrx_word' id='word_1_7' title='bbox 1073 268 1314 326; x_wconf 71' lang='grc' dir='ltr'>ἀνθήσειν.ῑ)</span> <span class='ocrx_word' id='word_1_8' title='bbox 1365 267 1512 327; x_wconf 83' lang='lat' dir='ltr'><strong>Spirat</strong></span> <span class='ocrx_word' id='word_1_9' title='bbox 1538 267 1622 314; x_wconf 88' lang='lat' dir='ltr'><strong>hoe</strong></span> <span class='ocrx_word' id='word_1_10' title='bbox 1651 281 1760 325; x_wconf 24' lang='lat' dir='ltr'><strong>car-4</strong></span> 
     </span>
     <span class='ocr_line' id='line_1_3' title="bbox 206 337 1744 397; baseline 0.003 -16"><span class='ocrx_word' id='word_1_11' title='bbox 206 350 307 381; x_wconf 92' lang='lat' dir='ltr'><strong>men</strong></span> <span class='ocrx_word' id='word_1_12' title='bbox 337 338 555 393; x_wconf 81' lang='lat' dir='ltr'>ingenium</span> <span class='ocrx_word' id='word_1_13' title='bbox 586 351 671 383; x_wconf 92' lang='lat' dir='ltr'><strong>non</strong></span> <span class='ocrx_word' id='word_1_14' title='bbox 704 338 833 384; x_wconf 91' lang='lat' dir='ltr'><strong>modo</strong></span> <span class='ocrx_word' id='word_1_15' title='bbox 863 340 1097 397; x_wconf 88' lang='lat' dir='ltr'><strong>poeticum,</strong></span> <span class='ocrx_word' id='word_1_16' title='bbox 1118 338 1197 384; x_wconf 88' lang='lat' dir='ltr'><strong>sed</strong></span> <span class='ocrx_word' id='word_1_17' title='bbox 1227 339 1356 384; x_wconf 86' lang='lat' dir='ltr'><strong>etiam</strong></span> <span class='ocrx_word' id='word_1_18' title='bbox 1388 351 1489 384; x_wconf 84' lang='lat' dir='ltr'><strong>vere</strong></span> <span class='ocrx_word' id='word_1_19' title='bbox 1517 337 1744 385; x_wconf 84' lang='lat' dir='ltr'><strong>Graecum.</strong></span> 
     </span>
     <span class='ocr_line' id='line_1_4' title="bbox 205 405 1742 465; baseline 0.002 -15"><span class='ocrx_word' id='word_1_20' title='bbox 205 406 396 451; x_wconf 86' lang='lat' dir='ltr'><strong>Graecus</strong></span> <span class='ocrx_word' id='word_1_21' title='bbox 432 411 561 464; x_wconf 89' lang='lat' dir='ltr'><strong>poeta</strong></span> <span class='ocrx_word' id='word_1_22' title='bbox 589 407 791 464; x_wconf 89' lang='lat' dir='ltr'><strong>loquitur,</strong></span> <span class='ocrx_word' id='word_1_23' title='bbox 824 409 892 452; x_wconf 88' lang='lat' dir='ltr'><strong>cui</strong></span> <span class='ocrx_word' id='word_1_24' title='bbox 922 408 1081 453; x_wconf 91' lang='lat' dir='ltr'><strong>factum</strong></span> <span class='ocrx_word' id='word_1_25' title='bbox 1129 406 1235 452; x_wconf 88' lang='lat' dir='ltr'><strong>illud</strong></span> <span class='ocrx_word' id='word_1_26' title='bbox 1279 408 1556 465; x_wconf 86' lang='lat' dir='ltr'><strong>opprobrium</strong></span> <span class='ocrx_word' id='word_1_27' title='bbox 1586 405 1742 453; x_wconf 83' lang='lat' dir='ltr'><strong>Graeci</strong></span> 
     </span>
     <span class='ocr_line' id='line_1_5' title="bbox 205 475 1799 532; baseline 0.003 -11"><span class='ocrx_word' id='word_1_28' title='bbox 205 476 391 522; x_wconf 88' lang='lat' dir='ltr'><strong>nominis</strong></span> <span class='ocrx_word' id='word_1_29' title='bbox 429 490 524 522; x_wconf 91' lang='lat' dir='ltr'><strong>esse</strong></span> <span class='ocrx_word' id='word_1_30' title='bbox 562 475 732 524; x_wconf 85' lang='lat' dir='ltr'><strong>videtur</strong></span> <span class='ocrx_word' id='word_1_31' title='bbox 768 482 812 524; x_wconf 92' lang='lat' dir='ltr'><strong>et</strong></span> <span class='ocrx_word' id='word_1_32' title='bbox 846 493 992 525; x_wconf 78' lang='lat' dir='ltr'><strong>recem</strong></span> <span class='ocrx_word' id='word_1_33' title='bbox 1028 479 1073 523; x_wconf 90' lang='lat' dir='ltr'><strong>in</strong></span> <span class='ocrx_word' id='word_1_34' title='bbox 1118 476 1353 525; x_wconf 85' lang='lat' dir='ltr'><strong>visceribus</strong></span> <span class='ocrx_word' id='word_1_35' title='bbox 1398 476 1559 525; x_wconf 77' lang='lat' dir='ltr'><strong>haeret.</strong></span> <span class='ocrx_word' id='word_1_36' title='bbox 1620 475 1745 532; x_wconf 76' lang='lat' dir='ltr'><strong>Quod</strong></span> <span class='ocrx_word' id='word_1_37' title='bbox 1796 485 1799 488; x_wconf 82' lang='lat'>&#39;</span> 
     </span>
     <span class='ocr_line' id='line_1_6' title="bbox 205 547 1741 607; baseline 0.003 -18"><span class='ocrx_word' id='word_1_38' title='bbox 205 548 274 603; x_wconf 88' lang='lat' dir='ltr'><strong>qui</strong></span> <span class='ocrx_word' id='word_1_39' title='bbox 307 547 527 604; x_wconf 90' lang='lat' dir='ltr'><strong>reputarit,</strong></span> <span class='ocrx_word' id='word_1_40' title='bbox 566 549 808 592; x_wconf 79' lang='lat' dir='ltr'><strong>consentiet</strong></span> <span class='ocrx_word' id='word_1_41' title='bbox 837 561 1006 592; x_wconf 90' lang='lat' dir='ltr'><strong>mecum</strong></span> <span class='ocrx_word' id='word_1_42' title='bbox 1037 562 1211 592; x_wconf 88' lang='lat' dir='ltr'><strong>carmen</strong></span> <span class='ocrx_word' id='word_1_43' title='bbox 1242 561 1356 592; x_wconf 89' lang='lat' dir='ltr'><strong>anno</strong></span> <span class='ocrx_word' id='word_1_44' title='bbox 1389 549 1476 591; x_wconf 84' lang='lat'><strong>710</strong></span> <span class='ocrx_word' id='word_1_45' title='bbox 1504 548 1574 593; x_wconf 92' lang='lat' dir='ltr'><strong>vel</strong></span> <span class='ocrx_word' id='word_1_46' title='bbox 1610 547 1741 607; x_wconf 83' lang='lat' dir='ltr'><strong>paulo</strong></span> 
     </span>
     <span class='ocr_line' id='line_1_7' title="bbox 203 616 1743 675; baseline 0.002 -14"><span class='ocrx_word' id='word_1_47' title='bbox 203 620 304 674; x_wconf 90' lang='lat' dir='ltr'><strong>post</strong></span> <span class='ocrx_word' id='word_1_48' title='bbox 335 616 554 662; x_wconf 85' lang='lat' dir='ltr'><strong>conditum</strong></span> <span class='ocrx_word' id='word_1_49' title='bbox 587 631 683 663; x_wconf 90' lang='lat' dir='ltr'><strong>esse</strong></span> <span class='ocrx_word' id='word_1_50' title='bbox 714 618 970 674; x_wconf 81' lang='lat' dir='ltr'><strong>censente,²)</strong></span> <span class='ocrx_word' id='word_1_51' title='bbox 1000 617 1047 662; x_wconf 93' lang='lat' dir='ltr'><strong>id</strong></span> <span class='ocrx_word' id='word_1_52' title='bbox 1078 617 1193 675; x_wconf 87' lang='lat' dir='ltr'><strong>quod</strong></span> <span class='ocrx_word' id='word_1_53' title='bbox 1223 632 1322 663; x_wconf 92' lang='lat' dir='ltr'><strong>cum</strong></span> <span class='ocrx_word' id='word_1_54' title='bbox 1351 617 1523 663; x_wconf 88' lang='lat' dir='ltr'><strong>indiciis</strong></span> <span class='ocrx_word' id='word_1_55' title='bbox 1553 618 1743 664; x_wconf 78' lang='lat' dir='ltr'><strong>externis</strong></span> 
     </span>
     <span class='ocr_line' id='line_1_8' title="bbox 202 686 1744 745; baseline 0.003 -16"><span class='ocrx_word' id='word_1_56' title='bbox 202 699 255 729; x_wconf 87' lang='lat' dir='ltr'><strong>ex</strong></span> <span class='ocrx_word' id='word_1_57' title='bbox 286 686 404 730; x_wconf 92' lang='lat' dir='ltr'><strong>omni</strong></span> <span class='ocrx_word' id='word_1_58' title='bbox 434 691 559 744; x_wconf 89' lang='lat' dir='ltr'><strong>parte</strong></span> <span class='ocrx_word' id='word_1_59' title='bbox 589 700 825 744; x_wconf 89' lang='lat' dir='ltr'><strong>congruum</strong></span> <span class='ocrx_word' id='word_1_60' title='bbox 847 691 927 732; x_wconf 89' lang='lat' dir='ltr'><strong>est.</strong></span> <span class='ocrx_word' id='word_1_61' title='bbox 987 686 1080 732; x_wconf 88' lang='lat' dir='ltr'><strong>Hoc</strong></span> <span class='ocrx_word' id='word_1_62' title='bbox 1109 687 1248 745; x_wconf 86' lang='lat' dir='ltr'><strong>posito</strong></span> <span class='ocrx_word' id='word_1_63' title='bbox 1283 699 1550 745; x_wconf 89' lang='lat' dir='ltr'><strong>consequens</strong></span> <span class='ocrx_word' id='word_1_64' title='bbox 1576 686 1744 733; x_wconf 82' lang='lat' dir='ltr'><strong>videtur</strong></span> 
     </span>
     <span class='ocr_line' id='line_1_9' title="bbox 201 755 1742 815; baseline 0.002 -15"><span class='ocrx_word' id='word_1_65' title='bbox 201 770 298 801; x_wconf 89' lang='lat' dir='ltr'><strong>esse</strong></span> <span class='ocrx_word' id='word_1_66' title='bbox 331 755 626 812; x_wconf 86' lang='lat' dir='ltr'><strong>Crinagoram,</strong></span> <span class='ocrx_word' id='word_1_67' title='bbox 648 758 829 802; x_wconf 88' lang='lat' dir='ltr'><strong>alterum</strong></span> <span class='ocrx_word' id='word_1_68' title='bbox 863 758 983 814; x_wconf 89' lang='lat' dir='ltr'><strong>quasi</strong></span> <span class='ocrx_word' id='word_1_69' title='bbox 1013 756 1253 812; x_wconf 82' lang='lat' dir='ltr'><strong>Horatium,</strong></span> <span class='ocrx_word' id='word_1_70' title='bbox 1275 771 1302 804; x_wconf 85' lang='lat' dir='ltr'><strong>a</strong></span> <span class='ocrx_word' id='word_1_71' title='bbox 1330 758 1524 815; x_wconf 83' lang='lat' dir='ltr'><strong>partibus</strong></span> <span class='ocrx_word' id='word_1_72' title='bbox 1553 758 1742 815; x_wconf 85' lang='lat' dir='ltr'><strong>primum</strong></span> 
     </span>
     <span class='ocr_line' id='line_1_10' title="bbox 200 824 1741 885; baseline 0.002 -16"><span class='ocrx_word' id='word_1_73' title='bbox 200 824 542 870; x_wconf 88' lang='lat' dir='ltr'><strong>adversariorum</strong></span> <span class='ocrx_word' id='word_1_74' title='bbox 573 825 773 871; x_wconf 77' lang='lat' dir='ltr'><strong>Caesaris</strong></span> <span class='ocrx_word' id='word_1_75' title='bbox 804 827 987 882; x_wconf 77' lang='lat' dir='ltr'><strong>stetisse,</strong></span> <span class='ocrx_word' id='word_1_76' title='bbox 1018 839 1157 884; x_wconf 85' lang='lat' dir='ltr'><strong>neque</strong></span> <span class='ocrx_word' id='word_1_77' title='bbox 1186 830 1346 882; x_wconf 90' lang='lat' dir='ltr'><strong>tamen,</strong></span> <span class='ocrx_word' id='word_1_78' title='bbox 1379 839 1477 871; x_wconf 89' lang='lat' dir='ltr'><strong>cum</strong></span> <span class='ocrx_word' id='word_1_79' title='bbox 1506 831 1660 885; x_wconf 86' lang='lat' dir='ltr'><strong>postea</strong></span> <span class='ocrx_word' id='word_1_80' title='bbox 1694 827 1741 872; x_wconf 86' lang='lat' dir='ltr'><strong>in</strong></span> 
     </span>
     <span class='ocr_line' id='line_1_11' title="bbox 198 895 1740 955; baseline 0.003 -16"><span class='ocrx_word' id='word_1_81' title='bbox 198 895 538 941; x_wconf 84' lang='lat' dir='ltr'><strong>familiaritatem</strong></span> <span class='ocrx_word' id='word_1_82' title='bbox 578 897 730 953; x_wconf 73' lang='lat' dir='ltr'><strong>‘gentis</strong></span> <span class='ocrx_word' id='word_1_83' title='bbox 780 896 1083 955; x_wconf 85' lang='lat' dir='ltr'><strong>imperatoriae</strong></span> <span class='ocrx_word' id='word_1_84' title='bbox 1134 910 1181 942; x_wconf 90' lang='lat' dir='ltr'><strong>se</strong></span> <span class='ocrx_word' id='word_1_85' title='bbox 1231 896 1482 953; x_wconf 84' lang='lat' dir='ltr'><strong>insinuaret,</strong></span> <span class='ocrx_word' id='word_1_86' title='bbox 1531 900 1740 955; x_wconf 83' lang='lat' dir='ltr'><strong>perpetuo</strong></span> 
     </span>
     <span class='ocr_line' id='line_1_12' title="bbox 198 965 1738 1024; baseline 0.001 -14"><span class='ocrx_word' id='word_1_87' title='bbox 198 967 261 1010; x_wconf 91' lang='lat' dir='ltr'><strong>eis</strong></span> <span class='ocrx_word' id='word_1_88' title='bbox 291 965 557 1020; x_wconf 84' lang='lat' dir='ltr'><strong>adhaesisse,</strong></span> <span class='ocrx_word' id='word_1_89' title='bbox 589 965 667 1010; x_wconf 88' lang='lat' dir='ltr'><strong>sed</strong></span> <span class='ocrx_word' id='word_1_90' title='bbox 698 979 809 1010; x_wconf 91' lang='lat' dir='ltr'><strong>novo</strong></span> <span class='ocrx_word' id='word_1_91' title='bbox 840 980 983 1011; x_wconf 92' lang='lat' dir='ltr'><strong>rerum</strong></span> <span class='ocrx_word' id='word_1_92' title='bbox 1023 965 1175 1011; x_wconf 87' lang='lat' dir='ltr'><strong>ordine</strong></span> <span class='ocrx_word' id='word_1_93' title='bbox 1208 969 1429 1024; x_wconf 88' lang='lat' dir='ltr'><strong>postremo</strong></span> <span class='ocrx_word' id='word_1_94' title='bbox 1459 967 1738 1024; x_wconf 75' lang='lat' dir='ltr'><strong>acquievisse.</strong></span> 
     </span>
     <span class='ocr_line' id='line_1_13' title="bbox 197 1035 1738 1096; baseline 0.001 -14"><span class='ocrx_word' id='word_1_95' title='bbox 197 1035 359 1082; x_wconf 81' lang='lat' dir='ltr'><strong>Contra</strong></span> <span class='ocrx_word' id='word_1_96' title='bbox 389 1037 460 1094; x_wconf 94' lang='lat' dir='ltr'><strong>qui</strong></span> <span class='ocrx_word' id='word_1_97' title='bbox 492 1050 587 1082; x_wconf 90' lang='lat' dir='ltr'><strong>eam</strong></span> <span class='ocrx_word' id='word_1_98' title='bbox 620 1037 879 1082; x_wconf 89' lang='lat' dir='ltr'><strong>sententiam</strong></span> <span class='ocrx_word' id='word_1_99' title='bbox 911 1036 1240 1095; x_wconf 91' lang='lat' dir='ltr'><strong>amplectuntur,</strong></span> <span class='ocrx_word' id='word_1_100' title='bbox 1262 1051 1348 1095; x_wconf 91' lang='lat' dir='ltr'><strong>qua</strong></span> <span class='ocrx_word' id='word_1_101' title='bbox 1366 1037 1449 1083; x_wconf 91' lang='lat' dir='ltr'><strong>hoc</strong></span> <span class='ocrx_word' id='word_1_102' title='bbox 1469 1038 1738 1096; x_wconf 82' lang='lat' dir='ltr'><strong>epigramma</strong></span> 
     </span>
     <span class='ocr_line' id='line_1_14' title="bbox 195 1106 1733 1164; baseline 0.001 -14"><span class='ocrx_word' id='word_1_103' title='bbox 195 1107 424 1164; x_wconf 88' lang='lat' dir='ltr'><strong>posteriori</strong></span> <span class='ocrx_word' id='word_1_104' title='bbox 454 1119 560 1150; x_wconf 90' lang='lat' dir='ltr'><strong>aevo</strong></span> <span class='ocrx_word' id='word_1_105' title='bbox 591 1107 849 1162; x_wconf 87' lang='lat' dir='ltr'><strong>attribuitur,</strong></span> <span class='ocrx_word' id='word_1_106' title='bbox 882 1107 923 1151; x_wconf 91' lang='lat' dir='ltr'><strong>ei</strong></span> <span class='ocrx_word' id='word_1_107' title='bbox 953 1106 1183 1151; x_wconf 89' lang='lat' dir='ltr'><strong>artificiose</strong></span> <span class='ocrx_word' id='word_1_108' title='bbox 1213 1107 1488 1152; x_wconf 77' lang='lat' dir='ltr'><strong>occasionem</strong></span> <span class='ocrx_word' id='word_1_109' title='bbox 1518 1106 1733 1164; x_wconf 87' lang='lat' dir='ltr'><strong>quandam</strong></span> 
     </span>
     <span class='ocr_line' id='line_1_15' title="bbox 194 1175 1733 1235; baseline 0.003 -16"><span class='ocrx_word' id='word_1_110' title='bbox 194 1177 443 1232; x_wconf 85' lang='lat' dir='ltr'><strong>excogitare</strong></span> <span class='ocrx_word' id='word_1_111' title='bbox 474 1175 647 1232; x_wconf 88' lang='lat' dir='ltr'><strong>debent,</strong></span> <span class='ocrx_word' id='word_1_112' title='bbox 679 1190 764 1233; x_wconf 88' lang='lat' dir='ltr'><strong>qua</strong></span> <span class='ocrx_word' id='word_1_113' title='bbox 793 1175 1004 1222; x_wconf 89' lang='lat' dir='ltr'><strong>adductus</strong></span> <span class='ocrx_word' id='word_1_114' title='bbox 1035 1181 1165 1235; x_wconf 89' lang='lat' dir='ltr'><strong>poeta</strong></span> <span class='ocrx_word' id='word_1_115' title='bbox 1200 1176 1279 1221; x_wconf 92' lang='lat' dir='ltr'><strong>hos</strong></span> <span class='ocrx_word' id='word_1_116' title='bbox 1320 1190 1468 1222; x_wconf 86' lang='lat' dir='ltr'><strong>versus</strong></span> <span class='ocrx_word' id='word_1_117' title='bbox 1500 1177 1733 1223; x_wconf 89' lang='lat' dir='ltr'><strong>concinna-</strong></span> 
     </span>
     <span class='ocr_line' id='line_1_16' title="bbox 196 1246 1738 1303; baseline 0.002 -14"><span class='ocrx_word' id='word_1_118' title='bbox 196 1247 321 1290; x_wconf 89' lang='lat' dir='ltr'><strong>verit.</strong></span> <span class='ocrx_word' id='word_1_119' title='bbox 389 1246 531 1303; x_wconf 90' lang='lat' dir='ltr'><strong>Atque</strong></span> <span class='ocrx_word' id='word_1_120' title='bbox 577 1259 674 1290; x_wconf 86' lang='lat' dir='ltr'><strong>cum</strong></span> <span class='ocrx_word' id='word_1_121' title='bbox 721 1259 872 1290; x_wconf 86' lang='lat' dir='ltr'><strong>revera</strong></span> <span class='ocrx_word' id='word_1_122' title='bbox 912 1260 973 1302; x_wconf 89' lang='lat' dir='ltr'><strong>se,</strong></span> <span class='ocrx_word' id='word_1_123' title='bbox 1012 1246 1126 1303; x_wconf 86' lang='lat' dir='ltr'><strong>quod</strong></span> <span class='ocrx_word' id='word_1_124' title='bbox 1168 1247 1480 1303; x_wconf 87' lang='lat' dir='ltr'><strong>quaesiverant,</strong></span> <span class='ocrx_word' id='word_1_125' title='bbox 1520 1247 1738 1292; x_wconf 85' lang='lat' dir='ltr'><strong>invenisse</strong></span> 
     </span>
     <span class='ocr_line' id='line_1_17' title="bbox 194 1314 1735 1375; baseline 0.001 -15"><span class='ocrx_word' id='word_1_126' title='bbox 194 1319 363 1374; x_wconf 88' lang='lat' dir='ltr'><strong>putant,</strong></span> <span class='ocrx_word' id='word_1_127' title='bbox 401 1329 516 1360; x_wconf 89' lang='lat' dir='ltr'><strong>nova</strong></span> <span class='ocrx_word' id='word_1_128' title='bbox 553 1316 743 1361; x_wconf 86' lang='lat' dir='ltr'><strong>exoritur</strong></span> <span class='ocrx_word' id='word_1_129' title='bbox 781 1315 1027 1361; x_wconf 85' lang='lat' dir='ltr'><strong>difficultas.</strong></span> <span class='ocrx_word' id='word_1_130' title='bbox 1089 1314 1199 1360; x_wconf 91' lang='lat' dir='ltr'><strong>Nam</strong></span> <span class='ocrx_word' id='word_1_131' title='bbox 1237 1315 1450 1373; x_wconf 89' lang='lat' dir='ltr'><strong>quomodo</strong></span> <span class='ocrx_word' id='word_1_132' title='bbox 1488 1322 1630 1375; x_wconf 84' lang='lat' dir='ltr'><strong>poeta,</strong></span> <span class='ocrx_word' id='word_1_133' title='bbox 1662 1319 1735 1375; x_wconf 91' lang='lat' dir='ltr'><strong>qui</strong></span> 
     </span>
     <span class='ocr_line' id='line_1_18' title="bbox 195 1385 1733 1445; baseline 0.001 -15"><span class='ocrx_word' id='word_1_134' title='bbox 195 1385 377 1430; x_wconf 88' lang='lat' dir='ltr'><strong>Octavia</strong></span> <span class='ocrx_word' id='word_1_135' title='bbox 407 1387 586 1443; x_wconf 88' lang='lat' dir='ltr'><strong>eiusque</strong></span> <span class='ocrx_word' id='word_1_136' title='bbox 616 1386 762 1430; x_wconf 90' lang='lat' dir='ltr'><strong>liberis</strong></span> <span class='ocrx_word' id='word_1_137' title='bbox 799 1386 1067 1431; x_wconf 84' lang='lat' dir='ltr'><strong>familiariter</strong></span> <span class='ocrx_word' id='word_1_138' title='bbox 1103 1400 1205 1431; x_wconf 91' lang='lat' dir='ltr'><strong>usus</strong></span> <span class='ocrx_word' id='word_1_139' title='bbox 1245 1391 1324 1441; x_wconf 91' lang='lat' dir='ltr'><strong>est,</strong></span> <span class='ocrx_word' id='word_1_140' title='bbox 1361 1391 1451 1431; x_wconf 89' lang='lat' dir='ltr'><strong>tam</strong></span> <span class='ocrx_word' id='word_1_141' title='bbox 1488 1387 1733 1445; x_wconf 82' lang='lat' dir='ltr'><strong>petulanter</strong></span> 
     </span>
     <span class='ocr_line' id='line_1_19' title="bbox 191 1455 1733 1514; baseline 0.002 -15"><span class='ocrx_word' id='word_1_142' title='bbox 191 1455 335 1500; x_wconf 89' lang='lat' dir='ltr'><strong>invehi</strong></span> <span class='ocrx_word' id='word_1_143' title='bbox 367 1457 509 1513; x_wconf 89' lang='lat' dir='ltr'><strong>potuit</strong></span> <span class='ocrx_word' id='word_1_144' title='bbox 543 1456 588 1499; x_wconf 91' lang='lat' dir='ltr'><strong>in</strong></span> <span class='ocrx_word' id='word_1_145' title='bbox 621 1455 849 1501; x_wconf 86' lang='lat' dir='ltr'><strong>Caesarem</strong></span> <span class='ocrx_word' id='word_1_146' title='bbox 886 1457 1044 1514; x_wconf 91' lang='lat' dir='ltr'><strong>ipsum,</strong></span> <span class='ocrx_word' id='word_1_147' title='bbox 1084 1470 1182 1500; x_wconf 93' lang='lat' dir='ltr'><strong>cum</strong></span> <span class='ocrx_word' id='word_1_148' title='bbox 1220 1456 1434 1501; x_wconf 87' lang='lat' dir='ltr'><strong>coloniam</strong></span> <span class='ocrx_word' id='word_1_149' title='bbox 1471 1456 1527 1501; x_wconf 87' lang='lat' dir='ltr'><strong>ab</strong></span> <span class='ocrx_word' id='word_1_150' title='bbox 1564 1470 1616 1502; x_wconf 91' lang='lat' dir='ltr'><strong>eo</strong></span> <span class='ocrx_word' id='word_1_151' title='bbox 1656 1456 1733 1502; x_wconf 88' lang='lat' dir='ltr'><strong>(le-</strong></span> 
     </span>
     <span class='ocr_line' id='line_1_20' title="bbox 192 1520 1730 1584; baseline 0.003 -15"><span class='ocrx_word' id='word_1_152' title='bbox 192 1525 366 1570; x_wconf 89' lang='lat' dir='ltr'><strong>ductam</strong></span> <span class='ocrx_word' id='word_1_153' title='bbox 388 1526 565 1583; x_wconf 88' lang='lat' dir='ltr'><strong>eiusque</strong></span> <span class='ocrx_word' id='word_1_154' title='bbox 580 1525 746 1570; x_wconf 88' lang='lat' dir='ltr'><strong>incolas</strong></span> <span class='ocrx_word' id='word_1_155' title='bbox 764 1526 838 1582; x_wconf 89' lang='lat' dir='ltr'><strong>(cf.</strong></span> <span class='ocrx_word' id='word_1_156' title='bbox 857 1541 894 1570; x_wconf 91' lang='lat' dir='ltr'><strong>v.</strong></span> <span class='ocrx_word' id='word_1_157' title='bbox 912 1528 960 1583; x_wconf 82' lang='lat'><strong>5)</strong></span> <span class='ocrx_word' id='word_1_158' title='bbox 976 1533 1066 1571; x_wconf 88' lang='lat' dir='ltr'><strong>tam</strong></span> <span class='ocrx_word' id='word_1_159' title='bbox 1088 1526 1299 1584; x_wconf 87' lang='lat' dir='ltr'><strong>protervis</strong></span> <span class='ocrx_word' id='word_1_160' title='bbox 1320 1520 1446 1571; x_wconf 80' lang='lat' dir='ltr'><strong>dictis</strong></span> <span class='ocrx_word' id='word_1_161' title='bbox 1466 1526 1730 1573; x_wconf 80' lang='lat' dir='ltr'><strong>incesseret?</strong></span> 
     </span>
     <span class='ocr_line' id='line_1_21' title="bbox 191 1595 1724 1655; baseline 0.001 -15"><span class='ocrx_word' id='word_1_162' title='bbox 191 1595 316 1648; x_wconf 86' lang='lat' dir='ltr'><strong>Quod</strong></span> <span class='ocrx_word' id='word_1_163' title='bbox 359 1596 562 1652; x_wconf 82' lang='lat' dir='ltr'><strong>aenigma</strong></span> <span class='ocrx_word' id='word_1_164' title='bbox 597 1595 659 1640; x_wconf 90' lang='lat' dir='ltr'><strong>illi</strong></span> <span class='ocrx_word' id='word_1_165' title='bbox 699 1595 872 1654; x_wconf 91' lang='lat' dir='ltr'><strong>quidem</strong></span> <span class='ocrx_word' id='word_1_166' title='bbox 904 1595 1166 1652; x_wconf 82' lang='lat' dir='ltr'><strong>Crinagorae</strong></span> <span class='ocrx_word' id='word_1_167' title='bbox 1204 1596 1437 1641; x_wconf 88' lang='lat' dir='ltr'><strong>lectoribus</strong></span> <span class='ocrx_word' id='word_1_168' title='bbox 1466 1602 1724 1655; x_wconf 89' lang='lat' dir='ltr'><strong>proponunt,</strong></span> 
     </span>
     <span class='ocr_line' id='line_1_22' title="bbox 190 1664 1731 1725; baseline 0.001 -14"><span class='ocrx_word' id='word_1_169' title='bbox 190 1667 357 1711; x_wconf 87' lang='lat' dir='ltr'><strong>solvere</strong></span> <span class='ocrx_word' id='word_1_170' title='bbox 378 1669 611 1723; x_wconf 88' lang='lat' dir='ltr'><strong>nequeunt.</strong></span> <span class='ocrx_word' id='word_1_171' title='bbox 657 1664 722 1710; x_wconf 88' lang='lat' dir='ltr'><strong>Ne</strong></span> <span class='ocrx_word' id='word_1_172' title='bbox 744 1666 932 1711; x_wconf 86' lang='lat' dir='ltr'><strong>Geistius</strong></span> <span class='ocrx_word' id='word_1_173' title='bbox 960 1665 1133 1723; x_wconf 91' lang='lat' dir='ltr'><strong>quidem</strong></span> <span class='ocrx_word' id='word_1_174' title='bbox 1155 1666 1338 1710; x_wconf 88' lang='lat' dir='ltr'><strong>feliciter</strong></span> <span class='ocrx_word' id='word_1_175' title='bbox 1358 1679 1509 1711; x_wconf 90' lang='lat' dir='ltr'><strong>omnes</strong></span> <span class='ocrx_word' id='word_1_176' title='bbox 1529 1667 1731 1725; x_wconf 90' lang='lat' dir='ltr'><strong>scopulos</strong></span> 
     </span>
     <span class='ocr_line' id='line_1_23' title="bbox 190 1734 1726 1794; baseline 0.001 -13"><span class='ocrx_word' id='word_1_177' title='bbox 190 1736 403 1781; x_wconf 89' lang='lat' dir='ltr'><strong>eluctatus</strong></span> <span class='ocrx_word' id='word_1_178' title='bbox 435 1739 517 1792; x_wconf 91' lang='lat' dir='ltr'><strong>est,</strong></span> <span class='ocrx_word' id='word_1_179' title='bbox 550 1749 647 1780; x_wconf 89' lang='lat' dir='ltr'><strong>cum</strong></span> <span class='ocrx_word' id='word_1_180' title='bbox 679 1734 735 1780; x_wconf 89' lang='lat' dir='ltr'><strong>ad</strong></span> <span class='ocrx_word' id='word_1_181' title='bbox 766 1735 849 1780; x_wconf 87' lang='lat' dir='ltr'><strong>iter</strong></span> <span class='ocrx_word' id='word_1_182' title='bbox 879 1734 1095 1794; x_wconf 86' lang='lat' dir='ltr'><strong>quoddam</strong></span> <span class='ocrx_word' id='word_1_183' title='bbox 1128 1736 1171 1779; x_wconf 88' lang='lat' dir='ltr'><strong>in</strong></span> <span class='ocrx_word' id='word_1_184' title='bbox 1204 1735 1352 1781; x_wconf 88' lang='lat' dir='ltr'><strong>Asiam</strong></span> <span class='ocrx_word' id='word_1_185' title='bbox 1384 1735 1546 1781; x_wconf 87' lang='lat' dir='ltr'><strong>factum</strong></span> <span class='ocrx_word' id='word_1_186' title='bbox 1577 1749 1726 1783; x_wconf 90' lang='lat' dir='ltr'><strong>versus</strong></span> 
     </span>
     <span class='ocr_line' id='line_1_24' title="bbox 186 1805 1725 1864; baseline 0.001 -15"><span class='ocrx_word' id='word_1_187' title='bbox 186 1806 284 1850; x_wconf 91' lang='lat' dir='ltr'><strong>illos</strong></span> <span class='ocrx_word' id='word_1_188' title='bbox 315 1806 507 1851; x_wconf 86' lang='lat' dir='ltr'><strong>referret.</strong></span> <span class='ocrx_word' id='word_1_189' title='bbox 560 1805 673 1857; x_wconf 90' lang='lat' dir='ltr'><strong>Quid</strong></span> <span class='ocrx_word' id='word_1_190' title='bbox 703 1819 854 1850; x_wconf 89' lang='lat' dir='ltr'><strong>revera</strong></span> <span class='ocrx_word' id='word_1_191' title='bbox 883 1805 997 1850; x_wconf 90' lang='lat' dir='ltr'><strong>hunc</strong></span> <span class='ocrx_word' id='word_1_192' title='bbox 1027 1820 1067 1850; x_wconf 91' lang='lat' dir='ltr'><strong>v.</strong></span> <span class='ocrx_word' id='word_1_193' title='bbox 1090 1805 1149 1861; x_wconf 85' lang='lat' dir='ltr'><strong>d.‚</strong></span> <span class='ocrx_word' id='word_1_194' title='bbox 1171 1810 1218 1850; x_wconf 93' lang='lat' dir='ltr'><strong>ut</strong></span> <span class='ocrx_word' id='word_1_195' title='bbox 1247 1805 1382 1850; x_wconf 88' lang='lat' dir='ltr'><strong>multo</strong></span> <span class='ocrx_word' id='word_1_196' title='bbox 1403 1811 1503 1864; x_wconf 90' lang='lat' dir='ltr'><strong>post</strong></span> <span class='ocrx_word' id='word_1_197' title='bbox 1523 1805 1725 1851; x_wconf 86' lang='lat' dir='ltr'><strong>Caesaris</strong></span> 
     </span>
     <span class='ocr_line' id='line_1_25' title="bbox 186 1873 1728 1933; baseline 0.001 -13"><span class='ocrx_word' id='word_1_198' title='bbox 186 1881 367 1920; x_wconf 89' lang='lat' dir='ltr'><strong>mortem</strong></span> <span class='ocrx_word' id='word_1_199' title='bbox 399 1876 668 1933; x_wconf 81' lang='lat' dir='ltr'><strong>epigramma</strong></span> <span class='ocrx_word' id='word_1_200' title='bbox 688 1876 974 1933; x_wconf 87' lang='lat' dir='ltr'><strong>compositum</strong></span> <span class='ocrx_word' id='word_1_201' title='bbox 998 1888 1095 1920; x_wconf 88' lang='lat' dir='ltr'><strong>esse</strong></span> <span class='ocrx_word' id='word_1_202' title='bbox 1122 1874 1462 1931; x_wconf 88' lang='lat' dir='ltr'><strong>ratiocinaretur,</strong></span> <span class='ocrx_word' id='word_1_203' title='bbox 1484 1873 1728 1932; x_wconf 84' lang='lat' dir='ltr'><strong>adduxerit,</strong></span> 
     </span>
     <span class='ocr_line' id='line_1_26' title="bbox 186 1943 1727 2003; baseline 0.001 -14"><span class='ocrx_word' id='word_1_204' title='bbox 186 1945 346 1990; x_wconf 89' lang='lat' dir='ltr'><strong>diserte</strong></span> <span class='ocrx_word' id='word_1_205' title='bbox 384 1946 478 2003; x_wconf 90' lang='lat' dir='ltr'><strong>ipse</strong></span> <span class='ocrx_word' id='word_1_206' title='bbox 516 1958 602 1989; x_wconf 92' lang='lat' dir='ltr'><strong>non</strong></span> <span class='ocrx_word' id='word_1_207' title='bbox 634 1945 847 2002; x_wconf 87' lang='lat' dir='ltr'><strong>exposuit.</strong></span> <span class='ocrx_word' id='word_1_208' title='bbox 898 1944 1099 2002; x_wconf 87' lang='lat' dir='ltr'><strong>Suspicor</strong></span> <span class='ocrx_word' id='word_1_209' title='bbox 1130 1943 1329 2002; x_wconf 89' lang='lat' dir='ltr'><strong>equidem</strong></span> <span class='ocrx_word' id='word_1_210' title='bbox 1361 1943 1520 1989; x_wconf 87' lang='lat' dir='ltr'><strong>factum</strong></span> <span class='ocrx_word' id='word_1_211' title='bbox 1556 1944 1603 1989; x_wconf 89' lang='lat' dir='ltr'><strong>id</strong></span> <span class='ocrx_word' id='word_1_212' title='bbox 1632 1959 1727 1991; x_wconf 87' lang='lat' dir='ltr'><strong>esse</strong></span> 
     </span>
     <span class='ocr_line' id='line_1_27' title="bbox 186 2013 1726 2073; baseline -0.001 -14"><span class='ocrx_word' id='word_1_213' title='bbox 186 2016 390 2073; x_wconf 93' lang='lat' dir='ltr'><strong>opinione</strong></span> <span class='ocrx_word' id='word_1_214' title='bbox 418 2014 606 2071; x_wconf 90' lang='lat' dir='ltr'><strong>quadam</strong></span> <span class='ocrx_word' id='word_1_215' title='bbox 637 2013 692 2058; x_wconf 88' lang='lat' dir='ltr'><strong>de</strong></span> <span class='ocrx_word' id='word_1_216' title='bbox 722 2019 878 2071; x_wconf 89' lang='lat' dir='ltr'><strong>poetae</strong></span> <span class='ocrx_word' id='word_1_217' title='bbox 909 2019 1052 2058; x_wconf 88' lang='lat' dir='ltr'><strong>aetate</strong></span> <span class='ocrx_word' id='word_1_218' title='bbox 1082 2019 1372 2071; x_wconf 88' lang='lat' dir='ltr'><strong>praesumpta.</strong></span> <span class='ocrx_word' id='word_1_219' title='bbox 1435 2013 1508 2068; x_wconf 85' lang='lat' dir='ltr'><strong>At,</strong></span> <span class='ocrx_word' id='word_1_220' title='bbox 1529 2014 1591 2058; x_wconf 91' lang='lat' dir='ltr'><strong>uti</strong></span> <span class='ocrx_word' id='word_1_221' title='bbox 1622 2013 1726 2071; x_wconf 87' lang='lat' dir='ltr'><strong>dixi,</strong></span> 
     </span>
     <span class='ocr_line' id='line_1_28' title="bbox 183 2081 1726 2143; baseline -0.001 -13"><span class='ocrx_word' id='word_1_222' title='bbox 183 2085 296 2130; x_wconf 83' lang='lat' dir='ltr'><strong>iusta</strong></span> <span class='ocrx_word' id='word_1_223' title='bbox 340 2089 598 2142; x_wconf 86' lang='lat' dir='ltr'><strong>argumenta</strong></span> <span class='ocrx_word' id='word_1_224' title='bbox 643 2083 827 2142; x_wconf 89' lang='lat' dir='ltr'><strong>proferri</strong></span> <span class='ocrx_word' id='word_1_225' title='bbox 874 2097 961 2129; x_wconf 90' lang='lat' dir='ltr'><strong>non</strong></span> <span class='ocrx_word' id='word_1_226' title='bbox 1007 2090 1199 2143; x_wconf 86' lang='lat' dir='ltr'><strong>possunt,</strong></span> <span class='ocrx_word' id='word_1_227' title='bbox 1247 2083 1400 2142; x_wconf 92' lang='lat' dir='ltr'><strong>quibus</strong></span> <span class='ocrx_word' id='word_1_228' title='bbox 1447 2081 1726 2142; x_wconf 85' lang='lat' dir='ltr'><strong>Crinagoram</strong></span> 
     </span>
     <span class='ocr_line' id='line_1_29' title="bbox 182 2153 1723 2212; baseline 0.001 -13"><span class='ocrx_word' id='word_1_229' title='bbox 182 2154 374 2199; x_wconf 89' lang='lat' dir='ltr'><strong>nondum</strong></span> <span class='ocrx_word' id='word_1_230' title='bbox 406 2159 508 2199; x_wconf 90' lang='lat' dir='ltr'><strong>ante</strong></span> <span class='ocrx_word' id='word_1_231' title='bbox 538 2168 578 2199; x_wconf 89' lang='lat' dir='ltr'><strong>a.</strong></span> <span class='ocrx_word' id='word_1_232' title='bbox 602 2155 687 2197; x_wconf 84' lang='lat'><strong>712</strong></span> <span class='ocrx_word' id='word_1_233' title='bbox 719 2154 908 2199; x_wconf 89' lang='lat' dir='ltr'><strong>scribere</strong></span> <span class='ocrx_word' id='word_1_234' title='bbox 938 2155 1131 2212; x_wconf 89' lang='lat' dir='ltr'><strong>potuisse</strong></span> <span class='ocrx_word' id='word_1_235' title='bbox 1151 2157 1378 2212; x_wconf 84' lang='lat' dir='ltr'><strong>appareat3</strong></span> <span class='ocrx_word' id='word_1_236' title='bbox 1408 2153 1591 2199; x_wconf 64' lang='lat' dir='ltr'><strong>scr-ibere</strong></span> <span class='ocrx_word' id='word_1_237' title='bbox 1612 2154 1723 2211; x_wconf 90' lang='lat' dir='ltr'><strong>dico,</strong></span> 
     </span>
     <span class='ocr_line' id='line_1_30' title="bbox 182 2222 1725 2280; baseline 0.001 -11"><span class='ocrx_word' id='word_1_238' title='bbox 182 2238 269 2269; x_wconf 87' lang='lat' dir='ltr'><strong>non</strong></span> <span class='ocrx_word' id='word_1_239' title='bbox 307 2224 473 2269; x_wconf 89' lang='lat' dir='ltr'><strong>Romae</strong></span> <span class='ocrx_word' id='word_1_240' title='bbox 519 2223 787 2269; x_wconf 88' lang='lat' dir='ltr'><strong>commorari.</strong></span> <span class='ocrx_word' id='word_1_241' title='bbox 850 2222 959 2268; x_wconf 85' lang='lat' dir='ltr'><strong>Nam</strong></span> <span class='ocrx_word' id='word_1_242' title='bbox 999 2228 1047 2267; x_wconf 94' lang='lat' dir='ltr'><strong>ut</strong></span> <span class='ocrx_word' id='word_1_243' title='bbox 1081 2222 1189 2267; x_wconf 89' lang='lat' dir='ltr'><strong>illud</strong></span> <span class='ocrx_word' id='word_1_244' title='bbox 1234 2227 1399 2268; x_wconf 90' lang='lat' dir='ltr'><strong>certum</strong></span> <span class='ocrx_word' id='word_1_245' title='bbox 1444 2222 1625 2280; x_wconf 88' lang='lat' dir='ltr'><strong>videtur,</strong></span> <span class='ocrx_word' id='word_1_246' title='bbox 1663 2225 1725 2270; x_wconf 86' lang='lat' dir='ltr'><strong>ita</strong></span> 
     </span>
     <span class='ocr_line' id='line_1_31' title="bbox 182 2292 1725 2351; baseline -0.001 -12"><span class='ocrx_word' id='word_1_247' title='bbox 182 2295 262 2339; x_wconf 91' lang='lat' dir='ltr'><strong>hoc</strong></span> <span class='ocrx_word' id='word_1_248' title='bbox 293 2293 639 2351; x_wconf 84' lang='lat' dir='ltr'><strong>argumentando</strong></span> <span class='ocrx_word' id='word_1_249' title='bbox 671 2292 783 2338; x_wconf 89' lang='lat' dir='ltr'><strong>effici</strong></span> <span class='ocrx_word' id='word_1_250' title='bbox 815 2293 976 2350; x_wconf 86' lang='lat' dir='ltr'><strong>nequit,</strong></span> <span class='ocrx_word' id='word_1_251' title='bbox 1013 2293 1146 2338; x_wconf 91' lang='lat' dir='ltr'><strong>immo</strong></span> <span class='ocrx_word' id='word_1_252' title='bbox 1184 2293 1319 2338; x_wconf 89' lang='lat' dir='ltr'><strong>multo</strong></span> <span class='ocrx_word' id='word_1_253' title='bbox 1352 2293 1623 2338; x_wconf 89' lang='lat' dir='ltr'><strong>verisimilius</strong></span> <span class='ocrx_word' id='word_1_254' title='bbox 1658 2299 1725 2339; x_wconf 87' lang='lat' dir='ltr'><strong>est</strong></span> 
     </span>
     <span class='ocr_line' id='line_1_32' title="bbox 181 2361 1723 2414; baseline 0 -6"><span class='ocrx_word' id='word_1_255' title='bbox 181 2378 281 2409; x_wconf 92' lang='lat' dir='ltr'><strong>eum</strong></span> <span class='ocrx_word' id='word_1_256' title='bbox 311 2371 403 2408; x_wconf 87' lang='lat' dir='ltr'><strong>tum</strong></span> <span class='ocrx_word' id='word_1_257' title='bbox 434 2364 565 2408; x_wconf 91' lang='lat' dir='ltr'><strong>etiam</strong></span> <span class='ocrx_word' id='word_1_258' title='bbox 597 2367 720 2408; x_wconf 85' lang='lat' dir='ltr'><strong>extra</strong></span> <span class='ocrx_word' id='word_1_259' title='bbox 756 2361 925 2407; x_wconf 88' lang='lat' dir='ltr'><strong>Italiam</strong></span> <span class='ocrx_word' id='word_1_260' title='bbox 957 2367 1170 2407; x_wconf 88' lang='lat' dir='ltr'><strong>moratum</strong></span> <span class='ocrx_word' id='word_1_261' title='bbox 1207 2375 1318 2408; x_wconf 89' lang='lat' dir='ltr'><strong>esse.</strong></span> <span class='ocrx_word' id='word_1_262' title='bbox 1379 2361 1502 2414; x_wconf 88' lang='lat' dir='ltr'><strong>Quod</strong></span> <span class='ocrx_word' id='word_1_263' title='bbox 1538 2363 1575 2407; x_wconf 89' lang='lat' dir='ltr'><strong>si</strong></span> <span class='ocrx_word' id='word_1_264' title='bbox 1605 2367 1723 2408; x_wconf 87' lang='lat' dir='ltr'><strong>recte</strong></span> 
     </span>
     <span class='ocr_line' id='line_1_33' title="bbox 179 2432 1721 2490; baseline 0 -12"><span class='ocrx_word' id='word_1_265' title='bbox 179 2434 469 2489; x_wconf 86' lang='lat' dir='ltr'><strong>statuerimus,</strong></span> <span class='ocrx_word' id='word_1_266' title='bbox 480 2432 831 2478; x_wconf 89' lang='lat' dir='ltr'><strong>commodissime</strong></span> <span class='ocrx_word' id='word_1_267' title='bbox 847 2433 934 2477; x_wconf 89' lang='lat' dir='ltr'><strong>iam</strong></span> <span class='ocrx_word' id='word_1_268' title='bbox 943 2432 1127 2477; x_wconf 89' lang='lat' dir='ltr'><strong>hocloco</strong></span> <span class='ocrx_word' id='word_1_269' title='bbox 1137 2446 1190 2477; x_wconf 89' lang='lat' dir='ltr'><strong>ea</strong></span> <span class='ocrx_word' id='word_1_270' title='bbox 1197 2432 1512 2490; x_wconf 83' lang='lat' dir='ltr'><strong>epigrammata</strong></span> <span class='ocrx_word' id='word_1_271' title='bbox 1521 2446 1721 2478; x_wconf 88' lang='lat' dir='ltr'><strong>recense-</strong></span> 
     </span>
     <span class='ocr_line' id='line_1_34' title="bbox 179 2499 1719 2561; baseline 0.001 -14"><span class='ocrx_word' id='word_1_272' title='bbox 179 2504 332 2559; x_wconf 93' lang='lat' dir='ltr'><strong>bimus,</strong></span> <span class='ocrx_word' id='word_1_273' title='bbox 355 2516 465 2560; x_wconf 89' lang='lat' dir='ltr'><strong>quae</strong></span> <span class='ocrx_word' id='word_1_274' title='bbox 485 2508 685 2561; x_wconf 89' lang='lat' dir='ltr'><strong>spectant</strong></span> <span class='ocrx_word' id='word_1_275' title='bbox 704 2516 775 2547; x_wconf 92' lang='lat' dir='ltr'><strong>me</strong></span> <span class='ocrx_word' id='word_1_276' title='bbox 805 2501 949 2547; x_wconf 90' lang='lat' dir='ltr'><strong>iudice</strong></span> <span class='ocrx_word' id='word_1_277' title='bbox 971 2501 1029 2546; x_wconf 88' lang='lat' dir='ltr'><strong>ad</strong></span> <span class='ocrx_word' id='word_1_278' title='bbox 1049 2501 1351 2557; x_wconf 86' lang='lat' dir='ltr'><strong>migrationem</strong></span> <span class='ocrx_word' id='word_1_279' title='bbox 1371 2500 1492 2546; x_wconf 89' lang='lat' dir='ltr'><strong>illam</strong></span> <span class='ocrx_word' id='word_1_280' title='bbox 1511 2499 1719 2548; x_wconf 86' lang='lat' dir='ltr'><strong>Italicam.</strong></span> 
     </span>
    </p>
   </div>
   <div class='ocr_carea' id='block_1_3' title="bbox 177 2613 457 2624">
    <p class='ocr_par' dir='ltr' id='par_1_3' title="bbox 177 2613 457 2624">
     <span class='ocr_line' id='line_1_35' title="bbox 177 2613 457 2624; baseline 0 0"><span class='ocrx_word' id='word_1_281' title='bbox 177 2613 457 2624; x_wconf 95' lang='lat' dir='ltr'><strong> </strong></span> 
     </span>
    </p>
   </div>
   <div class='ocr_carea' id='block_1_4' title="bbox 291 2676 1717 2784">
    <p class='ocr_par' dir='ltr' id='par_1_4' title="bbox 291 2676 1717 2784">
     <span class='ocr_line' id='line_1_36' title="bbox 296 2678 306 2702; baseline 0 0"><span class='ocrx_word' id='word_1_282' title='bbox 296 2678 306 2702; x_wconf 82' lang='grc'>1</span> 
     </span>
     <span class='ocr_line' id='line_1_37' title="bbox 291 2676 1717 2784; baseline -0.001 -10"><span class='ocrx_word' id='word_1_283' title='bbox 291 2680 326 2784; x_wconf 70' lang='grc'><strong>2))</strong></span> <span class='ocrx_word' id='word_1_284' title='bbox 347 2676 550 2783; x_wconf 49' lang='grc' dir='ltr'><strong>ἓξηῑιῖἰ</strong></span> <span class='ocrx_word' id='word_1_285' title='bbox 563 2676 717 2782; x_wconf 39' lang='lat' dir='ltr'><strong>‹3711ss</strong></span> <span class='ocrx_word' id='word_1_286' title='bbox 734 2735 788 2772; x_wconf 84' lang='lat' dir='ltr'><strong>sic</strong></span> <span class='ocrx_word' id='word_1_287' title='bbox 804 2734 1067 2779; x_wconf 84' lang='lat' dir='ltr'><strong>Mommsenus,</strong></span> <span class='ocrx_word' id='word_1_288' title='bbox 1088 2735 1151 2782; x_wconf 89' lang='lat' dir='ltr'><strong>qui</strong></span> <span class='ocrx_word' id='word_1_289' title='bbox 1174 2734 1215 2772; x_wconf 89' lang='lat' dir='ltr'><strong>in</strong></span> <span class='ocrx_word' id='word_1_290' title='bbox 1239 2733 1448 2783; x_wconf 84' lang='lat' dir='ltr'><strong>appendice</strong></span> <span class='ocrx_word' id='word_1_291' title='bbox 1466 2733 1552 2772; x_wconf 84' lang='lat' dir='ltr'><strong>libri</strong></span> <span class='ocrx_word' id='word_1_292' title='bbox 1568 2734 1616 2772; x_wconf 90' lang='lat' dir='ltr'><strong>de</strong></span> <span class='ocrx_word' id='word_1_293' title='bbox 1632 2733 1717 2773; x_wconf 85' lang='lat' dir='ltr'><strong>loco</strong></span> 
     </span>
    </p>
   </div>
   <div class='ocr_carea' id='block_1_5' title="bbox 172 2791 1621 2840">
    <p class='ocr_par' dir='ltr' id='par_1_5' title="bbox 172 2791 1621 2840">
     <span class='ocr_line' id='line_1_38' title="bbox 172 2791 1621 2840; baseline -0.001 -7"><span class='ocrx_word' id='word_1_294' title='bbox 172 2796 293 2834; x_wconf 84' lang='lat' dir='ltr'><strong>cladis</strong></span> <span class='ocrx_word' id='word_1_295' title='bbox 317 2794 511 2833; x_wconf 83' lang='lat' dir='ltr'><strong>Varianae</strong></span> <span class='ocrx_word' id='word_1_296' title='bbox 536 2792 679 2840; x_wconf 90' lang='lat' dir='ltr'><strong>(Berol.</strong></span> <span class='ocrx_word' id='word_1_297' title='bbox 706 2792 809 2838; x_wconf 87' lang='grc'><strong>1885,</strong></span> <span class='ocrx_word' id='word_1_298' title='bbox 832 2803 869 2840; x_wconf 87' lang='lat' dir='ltr'><strong>p.</strong></span> <span class='ocrx_word' id='word_1_299' title='bbox 895 2793 952 2838; x_wconf 79' lang='lat'><strong>62,</strong></span> <span class='ocrx_word' id='word_1_300' title='bbox 976 2792 1075 2839; x_wconf 87' lang='lat' dir='ltr'><strong>ann.)</strong></span> <span class='ocrx_word' id='word_1_301' title='bbox 1100 2792 1198 2831; x_wconf 76' lang='lat' dir='ltr'><strong>haue</strong></span> <span class='ocrx_word' id='word_1_302' title='bbox 1221 2792 1447 2831; x_wconf 75' lang='lat' dir='ltr'><strong>sententiam</strong></span> <span class='ocrx_word' id='word_1_303' title='bbox 1470 2791 1621 2832; x_wconf 72' lang='lat' dir='ltr'><strong>noivit.</strong></span> 
     </span>
    </p>
   </div>
  </div>
 </body>
</html>
