2051 3140
897 177 1186 219 -33-

279 310 443 365 quatur.
503 303 629 351 Tales
686 293 834 348 versus
889 302 1165 358 Grinagoram
1224 317 1309 347 non
1369 303 1661 348 conformasse
1718 316 1804 347 non

280 378 433 423 mirum
464 379 547 432 est,
573 373 711 430 magis
740 372 897 417 mirum
927 384 1064 429 neque
1095 373 1276 429 exiguae
1306 374 1411 419 artis
1441 372 1663 430 indicium,
1694 372 1807 430 quod

281 453 382 492 ante
431 444 668 491 bucolicam
714 454 936 487 caesuram
982 441 1309 497 diligentissime
1354 456 1523 488 omnem
1568 442 1805 501 spondeum

282 514 525 570 declinavit,
555 511 602 556 id
632 510 746 569 quod
775 524 832 556 ne
852 510 1162 555 Callimachum
1195 511 1366 568 quidem
1396 517 1485 556 tam
1516 526 1665 557 severe
1684 512 1807 556 insti-

280 586 413 630 tuisse
448 582 648 641 Meyerus
682 580 806 626 testis
851 584 928 626 est.
990 579 1128 624 Unum
1175 581 1419 639 exemplum
1458 581 1611 637 obstat,
1650 595 1733 638 quo
1770 582 1806 626 si

285 652 424 700 codici
459 650 590 697 fidem
626 648 861 706 adiungere
904 648 1019 705 licet,
1065 663 1160 694 eam
1198 650 1338 706 legem
1375 651 1494 695 exuit
1531 650 1807 707 Grinagoras:

281 735 348 780 ep.
378 723 477 778 29‚=1
519 721 685 779 λυρικῶν
726 719 767 762 ἐν
804 719 932 778 τεύχεϊ
960 719 1072 777 τῷδε.
1139 719 1226 764 Sed
1257 720 1301 764 in
1338 725 1537 777 promptu
1569 725 1634 764 est
1660 720 1809 765 addita

280 805 367 837 una
395 791 518 837 hasta
547 789 643 848 (ἐνὶ)
674 803 851 837 normae
881 789 1141 836 satisfacere.
1150 789 1185 846 ¹)

396 861 490 906 Hoc
520 861 575 906 de
605 860 842 916 osteologia
860 859 1098 905 hexametri
1128 859 1338 917 imprimis
1370 858 1674 916 disputandum
1696 865 1807 915 erat3

281 932 365 976 iam
398 929 606 976 nonnulla
633 934 879 986 tractemus,
919 925 1029 987 quae
1065 942 1163 973 cum
1198 927 1280 972 hoc
1315 932 1358 972 et
1392 928 1633 985 insequenti
1668 929 1810 987 capite

282 1000 623 1044 coniunctionem
662 999 824 1043 habent
859 1003 903 1043 et
937 998 1142 1043 facillime
1180 997 1236 1041 ad
1267 1010 1467 1042 caesuras
1504 997 1808 1055 disceptandas

281 1069 445 1114 aditum
490 1069 615 1113 nobis
651 1069 832 1127 parient.
893 1067 1063 1113 Initium
1094 1081 1202 1113 vvero
1239 1071 1339 1125 apte
1376 1081 1545 1112 sumere
1581 1081 1809 1125 possumus

281 1151 309 1181 a
342 1139 482 1194 primo
526 1136 672 1183 Iliadis
716 1152 859 1183 versu:
905 1138 1032 1197 Μῆνιν
1063 1139 1178 1190 ἄειδε,
1209 1138 1300 1189 θεά,
1333 1137 1575 1195 Πηληιάδεω
1599 1138 1806 1196 Ἀχιλῆος,

281 1222 406 1265 quem
438 1207 610 1265 quidem
641 1223 729 1254 non
757 1223 908 1255 omnes
937 1210 1076 1254 scient
1103 1212 1193 1255 tres
1213 1208 1268 1253 ob
1300 1221 1452 1253 causas
1473 1208 1701 1266 displicere
1732 1208 1807 1253 de·

283 1277 426 1321 buisse
468 1279 752 1335 posteriorum
796 1285 1036 1337 temporum
1074 1279 1216 1336 poetis
1253 1277 1537 1335 politioribus.
1598 1278 1653 1320 Hi
1692 1279 1806 1321 enim

280 1346 464 1404 primum
496 1361 581 1392 non
613 1348 804 1393 secunda
832 1349 878 1393 in
908 1348 1012 1394 sede
1043 1347 1302 1406 dactylicum
1334 1352 1408 1391 aut
1436 1346 1699 1392 trochaicum
1731 1361 1809 1405 po-

279 1420 387 1459 nunt
416 1417 605 1473 verbum,
636 1418 749 1474 quod
779 1419 823 1462 in
853 1419 992 1476 prima
1019 1418 1183 1476 incipit,
1221 1423 1269 1462 ut
1297 1418 1397 1460 ἄειδε
1429 1421 1473 1461 et
1501 1431 1625 1461 versu
1663 1418 1809 1474 quinto

281 1488 453 1532 οἰωνοῖσι.
514 1486 623 1532 Eam
682 1488 838 1545 legem,
899 1502 1008 1546 quae
1066 1492 1114 1532 ut
1161 1487 1348 1533 Homero
1392 1489 1470 1532 ita
1518 1486 1707 1532 Hesiodo
1767 1493 1811 1532 et

276 1558 633 1615 subsequentibus
673 1561 814 1618 poetis
850 1561 999 1616 ignota
1035 1564 1140 1615 erat,
1178 1559 1232 1604 ab
1272 1558 1589 1614 Alexandrinis,
1628 1558 1809 1604 fortasse

274 1640 302 1671 a
333 1627 589 1673 Callimacho
626 1630 736 1687 ipso,
775 1630 1013 1687 profectam
1049 1643 1146 1674 esse
1182 1628 1383 1687 Meyerus
1419 1629 1572 1673 merito
1603 1633 1807 1672 autumat.

275 1696 357 1740 Hic
386 1698 501 1741 enim
530 1698 574 1741 in
607 1699 719 1741 1147
757 1698 1017 1743 hexametris
1056 1698 1121 1743 bis
1157 1701 1324 1742 tantum
1363 1711 1460 1741 eam
1499 1697 1685 1749 violavit,
1726 1711 1810 1754 qua

275 1766 501 1811 severitate
515 1767 695 1812 metrica
709 1766 947 1813 Leonidam
965 1766 1257 1823 Tarentinum,
1279 1767 1555 1825 Antipatrum
1571 1765 1808 1823 Sidonium,

275 1836 382 1880 alios
412 1837 456 1880 in
487 1837 771 1882 imitationem
800 1852 922 1883 suam
951 1838 1085 1882 traxit
1114 1837 1235 1893 (vide
1255 1837 1419 1894 Meyeri
1449 1837 1805 1893 observationes).

274 1903 353 1951 His
383 1904 680 1964 adiungendus
710 1910 777 1954 est
806 1907 936 1954 etiam
961 1906 1233 1968 Grinayorae,
1254 1906 1325 1965 qui
1356 1907 1401 1951 in
1432 1910 1603 1952 centum
1634 1906 1810 1964 triginta

275 1980 442 2034 septem
471 1976 731 2022 hexametris
762 1979 826 2022 bis
854 1978 1049 2034 regulam
1077 1978 1275 2033 migravit
1293 1978 1422 2033 idque
1442 1979 1486 2020 in
1518 1991 1603 2021 uno
1634 1978 1806 2022 eodem-

276 2059 359 2102 que
388 2046 697 2104 epigrammate
720 2048 793 2092 18:
816 2062 856 2093 v.
880 2050 903 2091 1
919 2047 1163 2108 Ἠρνήσαντο
1183 2047 1248 2091 καὶ
1266 2047 1387 2090 ἄλλαι
1407 2054 1450 2092 et
1470 2062 1509 2092 v.
1532 2048 1558 2091 3
1596 2047 1809 2105 κληθείητε

274 2116 339 2158 καὶ
368 2117 508 2175 ὔμμεςς
539 2122 585 2163 at
612 2119 756 2163 statim
786 2118 918 2175 liquet
948 2118 1061 2163 hanc
1090 2133 1176 2164 non
1206 2132 1302 2164 esse
1332 2132 1477 2163 veram
1497 2120 1809 2176 exceptionem,

275 2188 407 2235 immo
455 2188 668 2236 rhetorico
718 2189 910 2247 consilio,
960 2189 1074 2248 quod
1123 2190 1192 2236 vel
1240 2204 1295 2236 ex
1344 2190 1535 2249 compari
1584 2190 1809 2236 verborum

275 2259 486 2314 positione
521 2263 717 2317 apparet,
748 2260 834 2304 duo
871 2261 1073 2318 exempla
1107 2261 1267 2305 deberi.
1301 2285 1355 2291 —
1385 2260 1554 2304 Deinde
1592 2262 1637 2304 in
1681 2263 1809 2318 primi

372 2468 397 2516 ¹)
421 2467 536 2505 Haud
548 2479 656 2506 secus
670 2468 894 2516 Grinagoras
905 2470 947 2506 ut
964 2468 1024 2507 vel
1037 2468 1072 2506 ei
1083 2471 1217 2517 poetae
1234 2469 1298 2518 qui
1313 2469 1477 2518 alioquin
1494 2469 1671 2507 laxiorem
1685 2470 1808 2508 metri-

277 2536 361 2562 cam
376 2527 558 2564 rationem
574 2529 778 2573 sequuntur
790 2527 994 2575 (callem.
1006 2527 1122 2574 Orph.
1139 2539 1174 2575 p.
1192 2529 1260 2564 692
1274 2530 1371 2575 sqq.)
1395 2529 1618 2565 vocabulum
1642 2530 1810 2566 evitabat

276 2584 397 2631 prima
418 2585 543 2632 quarti
565 2584 675 2633 pedis
698 2584 843 2633 syllaba
865 2585 968 2623 brevi
997 2584 1150 2631 finitum,
1174 2586 1272 2623 unde
1296 2586 1421 2624 elucet
1450 2586 1555 2623 foede
1581 2586 1809 2624 deformasse

276 2641 561 2679 Boiasonadium
587 2646 626 2679 et
648 2643 824 2679 Bothium
848 2646 887 2679 et
906 2644 974 2692 >qui
990 2644 1044 2679 eis
1059 2646 1200 2680 temere
1217 2645 1376 2680 credidit
1391 2645 1626 2681 Duebnerum
1650 2646 1808 2693 primum

275 2710 423 2738 versum
445 2700 722 2749 epigrammatis
745 2703 803 2747 27,
822 2699 905 2740 cu'm
923 2702 1153 2741 coniectent:
1168 2701 1274 2752 Ἄχρι
1287 2704 1359 2749 τεῦ,
1386 2698 1410 2738 ἆ
1435 2702 1579 2748 δείλαιε,
1605 2708 1810 2740 κεναῖσιν

276 2758 336 2794 ἐπ’
365 2757 487 2794 ἐλπίσι
503 2757 635 2806 ,θυμές
666 2761 853 2808 scriptura
880 2758 939 2797 ἐπ’
963 2759 1084 2796 ἐλπίσι
1109 2761 1170 2806 (Ρ)
1196 2762 1345 2798 minime
1369 2761 1609 2798 sollicitanda
1632 2766 1716 2800 erat
1741 2763 1809 2800 tali

277 2817 504 2861 coniectura,
529 2824 625 2865 quae
648 2818 820 2856 omnibus
843 2818 982 2866 regulis
1003 2818 1167 2857 metricis
1190 2821 1372 2868 repugnet
1396 2818 1457 2865 (cf.
1481 2831 1518 2867 p.
1543 2820 1629 2866 40.).
