2051 3140
897 143 1187 188 -27-

394 271 640 319 Proximum
660 273 786 331 igitur
815 275 896 329 est,
925 276 972 317 ut
1001 283 1110 329 quae
1141 283 1196 315 ex
1225 270 1302 314 illa
1330 269 1496 314 ratione
1524 268 1809 314 correctiones

277 341 532 401 flagitentur,
562 345 608 389 in
637 357 769 388 unum
799 349 1074 400 componam:

396 413 444 470 1)
475 426 543 471 ep.
559 412 646 468 8‚5,
666 413 739 457 ubi
769 425 846 457 suo
866 412 958 455 iure
980 410 1167 456 Geistius
1197 423 1274 468 pro
1304 410 1421 471 ἑκυρά
1442 410 1560 470 ἑκυρή
1582 410 1809 454 restituen—

278 482 380 528 dum
411 483 652 528 arbitratur.

354 556 358 559 “
392 552 443 609 2)
473 565 540 611 ep.
580 553 677 609 14,6
729 553 962 612 Κριναγόρου
999 552 1043 596 in
1082 550 1178 596 cod.
1215 550 1382 606 legitur.
1443 550 1523 595 Hic
1568 551 1708 596 exitus
1754 549 1809 593 ab

279 622 538 681 Grinagorae
568 622 765 670 sermone
786 621 997 680 abhorret,
1029 636 1125 669 curn
1155 622 1259 668 alibi
1290 635 1461 681 semper
1490 635 1565 668 eos
1595 622 1809 680 genitivos

277 694 322 738 in
352 709 407 737 εω
429 693 676 739 desinentes
707 692 1052 739 conformaverit:
1100 707 1168 752 ep.
1209 692 1281 748 9,6
1305 692 1483 752 Ἑρμέω;
1509 694 1626 748 25,3’
1647 693 1808 750 Noctem

278 766 377 820 36,1
410 757 607 824 Ἀράξεω.
669 763 900 809 Praeterea
927 768 1057 822 poeta
1085 777 1133 808 se
1161 763 1257 822 ipse
1290 764 1529 824 Κριναγόρης
1566 764 1652 822 (ep.
1691 765 1809 819 10,4;

278 835 383 893 5‚6),
405 836 450 879 in
481 836 627 892 quinto
667 849 767 881 casu
795 836 1012 896 Κριναγόρη
1041 833 1127 893 (ep.
1150 836 1239 891 2,2)
1258 839 1374 880 recte
1395 835 1640 893 appellavit.
1686 834 1809 887 Quod

279 919 379 951 vero
410 907 454 951 in
486 907 794 965 epigrammate
824 904 1036 952 subditivo
1069 904 1168 961 16‚7
1205 905 1402 949 Εόνικίὸαο
1432 905 1598 961 legitur,
1633 904 1736 949 inde
1764 904 1810 949 id

277 978 482 1036 probatur
523 978 763 1023 luculenter
807 978 1065 1022 imitatorem
1104 991 1189 1022 non
1225 978 1383 1035 legisse
1418 978 1463 1020 in
1502 977 1809 1035 epigrammate

278 1061 376 1092 vere
420 1047 681 1105 Grinagoreo
724 1049 822 1105 17,5
859 1048 1066 1106 Εὐνιὸίκου,
1103 1053 1150 1093 ut
1184 1061 1275 1104 nos,
1319 1047 1397 1093 sed
1434 1048 1649 1090 Εὐνικίδεω.
1710 1045 1809 1091 Jam

277 1123 324 1163 ut
353 1117 410 1163 ad
447 1132 515 1178 ep.
549 1120 647 1177 14,6
678 1124 953 1177 revertamur,
984 1121 1216 1181 proq‘o'poo
1254 1132 1306 1164 eo
1342 1119 1387 1163 in
1424 1122 1589 1164 textum
1626 1118 1810 1177 irrepsit,

278 1189 393 1246 qnod
429 1191 570 1236 scriba
598 1192 727 1249 paulo
758 1196 860 1238 ante
889 1193 933 1236 in
964 1192 1169 1236 lemmate
1204 1191 1370 1247 legerat
1404 1193 1506 1246 (non
1543 1194 1809 1245 exaraverat,

279 1258 331 1303 cf.
378 1265 630 1318 apparatum
676 1261 788 1318 crit.)
834 1260 1016 1306 eandem
1062 1261 1254 1306 formam.
1325 1259 1609 1313 Quamobrem
1655 1265 1810 1318 poetae

277 1327 522 1387 reddamus,
575 1330 688 1388 quod
732 1332 993 1389 ipsissimum
1043 1335 1121 1388 est,
1165 1335 1327 1376 rectam
1384 1330 1570 1375 nominis
1627 1330 1807 1375 formam

275 1398 530 1460 pra-so'peoe.
1029 1419 1033 1422 ·

393 1469 440 1527 3)
470 1471 650 1529 Saepius
688 1473 820 1517 orasis
857 1486 885 1516 a
919 1472 1069 1517 scribis
1104 1473 1148 1516 in
1185 1485 1363 1530 pravum
1404 1471 1572 1516 detorta
1608 1477 1686 1527 est,
1732 1470 1810 1516 sed

279 1539 447 1597 epicam
490 1541 699 1586 rationem
738 1540 1015 1597 Crinagoram
1060 1541 1264 1586 ascivisse
1306 1540 1522 1586 Planudes
1558 1541 1679 1586 testis
1731 1545 1809 1597 est,

279 1609 351 1666 qui
389 1622 455 1668 ep.
486 1612 586 1667 47‚5
624 1615 739 1656 recte
782 1611 967 1656 servavit
1001 1612 1086 1655 κάν.
1131 1610 1201 1654 Ad
1246 1610 1330 1655 hoc
1374 1610 1619 1668 exemplum
1664 1614 1809 1654 cetera

279 1680 554 1726 correximus.

393 1748 441 1794 In
486 1749 636 1795 horum
681 1764 877 1796 versuum
915 1751 1260 1797 communionem
1297 1749 1486 1795 addendi
1522 1750 1651 1795 etiam
1691 1755 1808 1795 sunt:

394 1821 439 1873 4)
470 1834 535 1878 ep.
569 1822 682 1878 322,
712 1822 785 1866 ubi
816 1821 931 1881 εὖραο
963 1823 1127 1879 corrigo
1162 1823 1207 1866 in
1246 1822 1367 1882 εὕρεο,
1399 1826 1447 1865 ut
1475 1824 1595 1866 recte
1624 1820 1811 1865 traditur

278 1890 379 1946 27,5
415 1893 599 1951 μετέρχεο
607 1909 619 1948 ;
651 1894 751 1949 43,5
787 1894 910 1952 λάβευ
941 1895 1048 1952 (non
1078 1893 1239 1951 λάβεν);
1269 1894 1369 1949 44,3
1408 1893 1509 1951 ῥὺευ.

394 1962 443 2019 5)
476 1976 542 2020 ep.
574 1965 659 2020 3,1‚
698 1965 771 2010 ubi
800 1965 895 2011 cod.
925 1966 966 2009 ἐν
1002 1970 1136 2023 αγκάς,
1167 1964 1353 2011 editores
1385 1964 1554 2020 ἐνέγκας,
1586 1960 1808 2007 Heckerus

278 2032 442 2090 ἐνεγκὼν
475 2034 689 2091 exhibent,
722 2036 861 2080 scribe
900 2036 1060 2089 ἐνείκας,
1099 2039 1202 2083 item
1240 2037 1479 2093 ἐνεικάμενος
1518 2035 1590 2089 1,4
1619 2037 1663 2077 et
1692 2034 1806 2089 29,4.

395 2105 440 2162 6)
472 2117 540 2163 ep.
571 2104 669 2161 40,1
703 2103 755 2150 P:
794 2109 981 2169 τέτταρσι,
1022 2108 1136 2167 quod
1172 2108 1288 2154 Pors.
1320 2108 1364 2151 in
1401 2109 1608 2166 τετόρεσσι,
1646 2118 1725 2149 nos
1763 2104 1808 2148 in

276 2177 457 2237 τέσσαρσι
488 2176 760 2224 correximus.

394 2247 439 2308 7)
471 2247 577 2294 Gum
622 2262 691 2308 ep.
728 2250 831 2308 29‚4
872 2252 1044 2301 κάλλεος
1079 2251 1113 2296 P
1151 2252 1369 2311 praebeat,
1394 2252 1491 2307 17,7
1531 2254 1794 2309 κακοσκήνευς

278 2333 375 2366 cum
397 2320 499 2366 alibi
518 2337 681 2381 semper
699 2321 859 2369 formas
888 2324 1041 2370 horum
1061 2324 1284 2370 nominum
1303 2336 1390 2367 non
1412 2326 1656 2368 contractas
1679 2336 1806 2381 prae-

277 2391 488 2449 optaverit
522 2397 664 2451 poeta,
696 2393 824 2439 etiam
861 2408 929 2453 ep.
960 2396 1033 2452 2,2
1063 2395 1205 2453 λέχεος
1241 2406 1317 2451 pro
1354 2393 1496 2452 λέχους
1533 2391 1805 2438 scribendum

277 2474 374 2507 esse
404 2462 603 2508 iudicavi.

393 2530 439 2590 8)
471 2546 538 2591 ep.
569 2534 689 2591 42,4:
722 2536 805 2595 ὄψει
834 2534 883 2592 Ρ,
913 2536 1079 2593 corrigo
1111 2536 1205 2595 ὄψῃ,
1238 2535 1291 2581 cf.
1323 2534 1524 2591 notam.¹)

394 2651 420 2694 ¹)
443 2650 635 2689 Nonnulla
659 2662 753 2700 quae
777 2652 826 2690 ad
850 2652 1097 2690 elocutionem
1120 2653 1257 2700 poetae
1281 2653 1463 2702 spectant,
1486 2650 1599 2689 etiam
1623 2650 1662 2687 in
1685 2651 1808 2699 proxi-

276 2707 346 2745 mis
370 2708 556 2757 capitibus
578 2711 786 2758 tangemus.
