2051 3140
919 146 1207 189 -31-

303 272 448 320 docuit
463 274 694 331 Vahlenus,
710 276 854 328 παῖδες,
870 289 949 335 per
966 289 1013 321 se
1028 276 1169 334 ipsum
1185 287 1271 318 non
1286 271 1590 326 necessarium,
1606 271 1755 314 tamen
1771 268 1829 312 ad

246 388 249 392 ,
301 348 560 393 sententiam
592 347 892 405 complendam
923 353 966 393 et
995 345 1289 406 ampliandam
1310 345 1404 390 voci
1424 346 1612 404 γερόντων
1633 338 1828 385 additum
1884 335 1888 339 ’

302 420 380 463 est.
441 417 559 471 Quae
588 430 685 463 cum
716 418 776 463 ita
798 432 845 464 se
865 418 1065 475 habeant,
1098 430 1250 463 sensus
1280 429 1424 461 eorum
1446 414 1687 468 verborum,
1718 424 1829 468 quae

300 487 438 531 codex
459 487 644 541 exhibet,
665 501 750 532 non
766 487 933 544 flagitat
947 489 1270 541 correctionem,
1289 484 1454 540 flagitat
1468 489 1613 529 autem
1630 487 1826 527 metrum.

300 553 411 600 Nam
433 555 469 601 si
490 556 611 615 θῆκεν
629 558 828 617 ὁμωνυμίῃ
850 557 1047 614 legimus,
1067 555 1252 602 molesta
1269 567 1322 600 ea
1337 553 1536 612 bisyllabi
1556 557 1601 598 et
1620 552 1827 610 quinque-

301 626 455 684 syllabi
486 629 726 673 coniunctio
757 631 900 674 oritur.
947 628 1083 673 Immo
1114 628 1201 672 tria
1232 626 1362 670 verba
1390 626 1434 668 in
1464 625 1694 669 traditione
1717 623 1827 667 obli-

299 701 486 742 tescunt:
508 697 603 756 θῆκ’
620 699 659 742 ἐν
676 700 889 758 ὁμωνυμίῃ,
904 703 951 745 ut
967 698 1054 743 iam
1076 688 1359 743 Boissonadio
1375 694 1551 753 placuit,
1569 705 1826 752 quamquam

299 780 386 812 non
418 773 532 814 recte
561 770 861 829 interpretatus
892 775 959 815 est
997 770 1147 827 »θῆκεν
1178 769 1258 820 Ἀ.,
1306 772 1394 814 παῖς
1439 767 1493 809 ὢν
1538 767 1578 809 ἐν
1624 765 1825 822 ὁμωνυμίῃ

299 842 484 899 πατρός“,
500 842 630 887 immo
648 843 687 887 ἐν
708 844 909 900 ὁμωνυμίῃ
930 842 1132 887 continuo
1154 854 1252 885 cum
1272 838 1417 899 πατρὸς
1437 835 1724 896 copulandum
1746 840 1825 891 est,

299 922 395 954 cum
434 912 622 969 verbum,
660 913 775 971 quod
811 918 876 958 est
910 918 1011 964 παῖε,
1049 926 1138 957 non
1182 913 1265 957 nisi
1308 916 1357 956 ut
1392 912 1537 970 πατρός
1567 908 1825 953 contrarium

299 985 427 1039 esset,
456 988 586 1041 poeta
613 984 879 1042 interposuit.
928 982 1076 1041 Itaque
1113 996 1179 1027 vv.
1218 980 1289 1026 dd.
1329 981 1569 1036 conamina,
1612 979 1827 1037 ὁμωνύμως

297 1052 487 1099 Jacobsii
523 1055 589 1100 vel
625 1057 842 1112 ὁμωνυμίου
873 1054 1074 1110 Heckeri,
1105 1067 1192 1098 non
1223 1052 1351 1098 modo
1388 1066 1518 1098 sensu
1557 1065 1644 1096 non
1679 1056 1824 1108 postu-

296 1123 452 1180 lantur,
474 1125 551 1169 sed
573 1127 702 1171 etiam
724 1127 928 1171 metricae
947 1125 1033 1181 legi
1057 1125 1338 1181 refragantur,
1360 1122 1705 1182 quandoquidem
1739 1120 1824 1165 adi.

297 1194 510 1253 ὁμωνύμως
555 1196 769 1242 artissime
808 1210 906 1241 cum
942 1197 1067 1254 θῆκεν
1106 1194 1451 1251 coniungendum
1491 1193 1707 1238 licentiam
1750 1205 1825 1235 ex-

297 1271 495 1311 cusaturo
525 1266 688 1311 nullam
719 1266 931 1311 latebram
962 1268 1154 1325 praebet.

411 1338 450 1380 2.
484 1335 682 1395 Meyerus
704 1336 994 1395 disputatione
1015 1351 1095 1383 sua
1115 1337 1187 1394 (cf.
1206 1351 1248 1396 p.
1266 1337 1336 1393 28,
1358 1335 1456 1381 adn.
1477 1336 1567 1392 1,5)
1590 1334 1750 1393 optime
1771 1331 1826 1378 de

296 1418 342 1450 re
371 1406 551 1451 metrica
579 1406 756 1451 meritus
793 1411 871 1462 est,
910 1420 1007 1451 cum
1044 1407 1202 1452 multas
1237 1407 1357 1462 leges
1393 1405 1533 1450 adhuc
1568 1404 1825 1459 incognitae,

295 1475 373 1520 sed
417 1490 566 1522 severe
608 1476 664 1521 ab
705 1478 844 1534 poetis
885 1476 1190 1523 Alexandrinis
1235 1477 1485 1523 observatas
1528 1475 1709 1534 aperuit.
1776 1472 1826 1519 In

296 1545 358 1590 eis
389 1544 443 1590 de
472 1548 741 1605 pentametro
773 1559 940 1604 quoque
975 1546 1125 1603 regula
1160 1545 1370 1604 quaedam
1408 1546 1585 1590 maximi
1620 1544 1825 1589 momenti

295 1613 465 1660 detecta
513 1615 742 1672 multisque
802 1616 1011 1675 exemplis
1067 1617 1280 1662 illustrata
1336 1622 1415 1661 est.
1492 1614 1602 1660 Nam
1661 1616 1824 1672 primus

293 1683 493 1744 Meyerus
524 1684 711 1731 ostendit
740 1699 827 1731 non
849 1685 980 1731 licere
1000 1686 1188 1745 priorem
1219 1686 1479 1744 pentametri
1508 1690 1676 1744 partem
1707 1685 1825 1728 exire

292 1756 338 1799 in
383 1756 559 1800 verbum
602 1756 845 1811 iambicum,
889 1756 1003 1813 quod
1047 1758 1118 1803 vix
1161 1771 1241 1815 par
1286 1761 1400 1802 esset
1436 1769 1640 1801 caesurae
1678 1768 1824 1799 versus

292 1825 586 1882 gravissimae.
647 1823 948 1882 Callimachus,
978 1829 1026 1871 ut
1054 1825 1136 1872 hoc
1167 1839 1252 1871 uno
1289 1825 1486 1885 exemplo
1524 1829 1631 1881 utar,
1662 1825 1707 1869 in
1737 1825 1824 1867 205

293 1899 585 1954 pentametros
617 1895 726 1942 duos
746 1896 891 1943 intulit
911 1897 1032 1942 illum
1052 1898 1098 1942 in
1118 1896 1293 1943 modum
1316 1897 1621 1952 conformatos3
1646 1901 1824 1953 uterque

293 1973 437 2011 autem
467 1966 572 2012 satis
603 1971 844 2023 excusatur,
874 1967 983 2012 alter
1014 1968 1187 2013 nomine
1208 1968 1379 2026 proprio
1403 1967 1473 2024 (A.
1495 1966 1543 2011 P.
1566 1965 1644 2011 VII
1664 1967 1734 2021 89,
1768 1966 1822 2009 16

293 2036 405 2087 Δίων,
440 2049 549 2093 quae
593 2036 721 2081 lectio
759 2036 890 2094 etiam
925 2036 1026 2082 hinc
1064 2036 1306 2095 stabilitur),
1345 2037 1454 2082 alter
1490 2036 1548 2095 (V
1579 2038 1649 2093 6,2
1688 2036 1822 2095 φίλον)

293 2105 504 2150 rhetorico
527 2104 714 2162 quodam
736 2105 926 2151 consilio.
973 2105 1068 2151 Nou
1089 2107 1230 2151 minus
1251 2121 1399 2152 severe
1420 2106 1603 2152 eandem
1631 2107 1822 2163 regulam

292 2175 533 2221 observavit
568 2173 837 2231 Crinagoras,
876 2176 1033 2234 quippe
1070 2177 1142 2233 qui
1172 2177 1216 2220 in
1248 2181 1417 2221 centum
1449 2177 1627 2233 triginta
1656 2182 1823 2235 septem

290 2244 571 2304 pentametris
593 2244 755 2288 nullum
778 2244 893 2289 illius
924 2246 1088 2291 formae
1111 2245 1298 2302 admisit,
1324 2248 1360 2292 si
1385 2247 1577 2305 excipias
1600 2261 1667 2305 ep.
1699 2248 1821 2302 45‚8:

290 2321 356 2361 νῦν
388 2316 622 2363 ἀκέλευστος
639 2317 775 2372 Ιὁὶπαις
806 2316 906 2375 ὄρνις
936 2317 1185 2376 ἀνακρέκεται
1206 2321 1249 2361 et
1269 2331 1336 2376 ep.
1361 2319 1479 2373 19,2:
1511 2317 1648 2375 Μήνη,
1681 2318 1823 2365 πένθος

290 2388 354 2432 ἑὸν
384 2388 489 2432 νυκτὶ
525 2387 795 2446 καλυψαμένη·
859 2386 1060 2440 Quamvis
1097 2387 1283 2433 libenter
1321 2388 1428 2433 haec
1465 2388 1610 2433 laesae
1648 2389 1822 2445 regulae

290 2459 491 2518 exempla
510 2458 770 2515 Crinagorae
798 2459 1063 2515 largiremur,
1094 2462 1242 2504 tamen
1272 2460 1316 2504 in
1347 2461 1488 2518 priore
1519 2474 1643 2506 versu
1674 2461 1821 2506 verisi-

290 2529 432 2575 milius
447 2533 513 2574 est
535 2528 766 2573 iambicum
789 2528 947 2573 exitum
984 2528 1150 2574 scribae
1175 2528 1336 2585 deberi,
1359 2530 1431 2588 qui
1454 2544 1509 2575 ex
1528 2545 1568 2575 v.
1599 2532 1646 2575 5:
1679 2531 1821 2590 ἔδραμε

289 2598 587 2649 δ’ὠκυδὶδακτος
623 2603 743 2648 ἅπας
772 2601 907 2648 οἰωνὸς
936 2600 1077 2660 ἐρίζων
1107 2604 1272 2646 temere
1303 2602 1500 2646 ultimum
1529 2602 1817 2660 interpolavit,

290 2673 547 2731 praesertim
584 2686 681 2719 cum
719 2673 781 2718 sic
818 2672 1082 2731 epigramma
1116 2677 1386 2731 pentametro
1422 2672 1613 2732 spondeo
1646 2678 1821 2724 carente

289 2742 504 2788 liberetur.
565 2742 687 2787 Alter
724 2745 869 2788 autem
904 2746 1175 2800 pentameter
1211 2742 1311 2788 ideo
1351 2743 1549 2788 notabilis
1589 2748 1669 2800 est,
1707 2744 1821 2801 quod

291 2813 328 2858 si
367 2825 467 2858 vera
499 2817 614 2858 esset
644 2811 798 2859 Geistii
831 2817 875 2858 et
905 2810 1116 2858 Woltersii
1149 2812 1406 2870 coniectura,
1437 2813 1482 2857 in
1512 2814 1821 2873 epigrammate
