1964 3053
865 108 1155 152 -40-

236 233 644 292 Alexandrinorum,
677 236 753 281 sed
790 234 849 287 ,ad
884 248 1015 280 unum
1063 235 1237 281 Homeri
1281 248 1406 281 usum
1449 248 1498 280 se
1533 235 1777 295 applicasse

237 306 504 350 arbitramur.
513 307 542 359 ¹)

354 374 418 419 Eo
456 380 599 419 autem
638 374 771 430 hiatu,
807 375 880 432 qui
923 387 978 419 ex
1023 374 1215 420 brevium
1259 351 1521 432 syllabarum
1567 387 1776 421 concursu

238 445 444 500 originem
493 442 623 499 ducit,
662 448 796 502 poeta
838 443 968 502 plane
1014 444 1235 500 abstinuit,
1272 457 1373 489 nam
1418 443 1532 501 quod
1567 457 1636 503 ep.
1675 444 1774 501 27,1

238 515 395 570 legitur
425 514 470 558 in
492 512 585 559 PL:
608 520 736 564 κεναῖς
767 516 827 559 ἐπὶ
846 515 971 558 ἐλπίσι
991 512 1072 571 (ἐπ’
1089 515 1176 559 ἐλπ.
1209 514 1278 572 P),
1310 513 1534 574 aptissimo
1553 514 1617 560 sic
1636 518 1776 561 muta·

237 577 332 630 mus
368 591 411 629 et
449 585 746 643 emendamus,
776 590 826 632 ut
861 599 959 631 cum
991 584 1194 633 Jacobsio
1223 586 1278 632 ἔτ’
1308 586 1616 648 praepositioni
1650 601 1776 646 prae-

236 658 469 714 mittamus,
493 671 603 715 quae
635 659 848 716 particula
876 658 1039 704 omissa
1068 663 1137 705 est
1166 660 1298 705 etiam
1322 674 1392 719 ep.
1413 660 1505 716 3,32
1536 660 1685 704 ἄεθλον
1714 659 1775 703 ἔτ’

235 730 279 772 ἐκ
305 732 434 789 χερός.

756 792 795 836 3.
828 789 902 836 De
932 789 1256 837 elisionibus.

353 871 510 915 Poetas
547 871 806 929 posteriores
842 872 888 915 in
924 871 1170 916 elisionibus
1197 870 1465 952 usurpandis
1499 872 1777 930 parcissimos

235 927 369 986 fuisse
400 944 457 996 et,
479 941 517 985 si
547 941 698 985 evitari
729 954 817 985 non
848 945 1062 998 poterant,
1092 942 1137 986 in
1168 942 1231 986 eis
1260 954 1389 999 quam
1419 942 1606 986 maxime
1634 942 1776 987 molli·

234 1010 358 1056 endis
389 1010 569 1055 multam
600 1022 779 1069 operam
809 1010 1129 1069 consumpsisse
1159 1023 1286 1057 nemo
1317 1015 1383 1056 est
1412 1011 1514 1069 quin
1544 1011 1667 1058 sciat.
1727 1010 1777 1057 Id

234 1082 290 1126 de
326 1080 591 1125 Callimacho
627 1080 763 1138 probe
798 1080 989 1125 ostendit
1022 1079 1240 1124 Benekius
1277 1081 1306 1123 1.
1344 1081 1373 1123 l.
1434 1081 1516 1124 Hic
1558 1086 1688 1139 poeta
1730 1082 1776 1126 in

234 1150 558 1210 epigrammatis
582 1148 689 1208 (140
703 1148 975 1196 hexametros
997 1147 1046 1195 B.
1072 1149 1341 1207 recognovit)
1358 1150 1669 1208 quinquaginta
1688 1156 1775 1197 tres

234 1222 435 1266 elisiones
456 1219 645 1274 admisit,
663 1219 741 1264 sed
760 1224 932 1278 praeter
952 1233 1192 1278 perpaucas
1222 1233 1311 1264 non
1340 1220 1424 1264 nisi
1453 1221 1499 1264 in
1528 1221 1773 1267 nominibus

233 1292 432 1350 propriis,
453 1289 758 1345 numeralibus,
779 1290 1014 1348 particulis,
1034 1290 1414 1344 interiectionibus,
1436 1292 1776 1349 pronominibus,

234 1375 343 1419 quae
374 1361 509 1406 libera
528 1359 731 1405 vocabula
761 1357 1005 1415 Hilbergius
1036 1359 1242 1415 nominat,
1273 1359 1480 1405 abstinuit
1507 1355 1774 1418 praeterea2)

234 1431 483 1476 elisionibus
529 1430 619 1474 fere
657 1434 756 1487 post
791 1442 993 1474 caesuras
1030 1429 1378 1486 semiquinariam
1424 1433 1468 1474 et
1511 1429 1773 1475 trochaicam

233 1501 346 1544 tertii
378 1506 422 1544 et
451 1499 589 1556 quarti
619 1497 757 1557 pedis.
804 1497 932 1543 Haud
968 1498 1093 1543 aliter
1130 1497 1402 1554 Crinagoras‚
1439 1499 1511 1556 qui
1547 1500 1774 1556 sexaginta

234 1570 410 1615 omnino
442 1569 643 1614 elisiones
673 1568 885 1625 adhibuit,
917 1581 1023 1626 quas
1053 1568 1204 1613 tabula
1239 1568 1321 1613 hac
1356 1567 1557 1626 indicabo
1594 1569 1773 1615 adiectis

233 1640 421 1685 numeris
452 1637 774 1684 Callimaeheis:

401 1718 1741 1764 Ι-Π-ΙΠ-Ν-ν-νι,

233 1821 348 1865 erin.
391 1806 451 1870 3
447 1800 1770 1878 2115'9'11'1}2{0}7{O{0{1÷10÷5:1:0:0

233 1907 340 1952 Gan.
371 1885 1687 1981 m{0{5{2}0{0310345450
1699 1909 1768 1956 15³.

348 2036 496 2094 Itaque
535 2037 572 2082 si
607 2036 774 2094 exipias
812 2050 878 2094 ep.
918 2038 1041 2092 223:
1095 2039 1288 2097 ἥρπασας,
1321 2036 1354 2079 ὦ
1392 2034 1546 2079 ἄλλιστ’
1579 2037 1695 2093 ’Azan
1728 2041 1772 2081 et

231 2111 322 2163 8,3:
357 2109 497 2157 ὠδῖνας
527 2106 691 2152 νεύσαιτ’
718 2108 945 2166 Ἀντωνίῃ,-
967 2108 1119 2166 quibus
1151 2120 1309 2154 nomen
1336 2107 1554 2167 proprium
1588 2119 1770 2155 excusa-

230 2184 390 2226 tionem
430 2183 557 2239 parit,
591 2180 755 2225 eisdem
787 2194 838 2224 ac
870 2180 1160 2225 Callimachus
1200 2180 1374 2225 sedibus
1413 2180 1588 2224 evitavit
1624 2180 1769 2224 elisio-

232 2265 348 2308 nem3
381 2253 555 2295 nomina
577 2253 723 2296 autem
755 2260 799 2295 et
817 2250 945 2297 verba
966 2250 1074 2296 elisa
1093 2250 1368 2295 inveniuntur
1387 2248 1514 2295 haec:
1546 2262 1614 2309 ep.
1646 2250 1769 2305 24,52

228 2321 276 2364 ἴδ’
296 2320 356 2363 ὑπ’
375 2322 544 2380 ἐχθροῖς
565 2322 687 2375 27‚3:
721 2322 859 2367 ἄλλοις
890 2320 984 2362 ἄλλ’
1003 2319 1061 2363 ἐπ’
1080 2322 1206 2379 ὄνειρα
1227 2319 1318 2373 (ubi
1338 2319 1569 2363 manifesto
1590 2318 1769 2363 oonsilio

231 2392 442 2437 rhetorico
463 2392 718 2437 vocabulum
742 2392 969 2450 repetitum
993 2392 1093 2447 est);
1114 2392 1211 2448 23,1
1227 2392 1307 2435 ιὮ·
1322 2388 1478 2449 δύστην’
1500 2390 1629 2449 ὄλβοιο
1650 2390 1768 2455 φιλό-

230 2482 370 2525 στρατε
394 2464 550 2520 (item).
589 2464 634 2507 Si
657 2478 760 2508 vera
779 2465 836 2508 sit
856 2463 1110 2508 Mommseni
1133 2463 1359 2518 sententia,
1381 2462 1454 2519 (cf.
1476 2476 1517 2520 p.
1540 2462 1616 2518 21)
1637 2462 1768 2506 etiam

349 2595 374 2641 ¹)
399 2595 580 2631 Attamen
617 2594 655 2630 ιιι
689 2592 957 2640 posterioribus
993 2593 1221 2630 carminibus
1260 2591 1373 2628 etiam
1413 2592 1462 2627 ab
1502 2591 1575 2627 hac
1614 2589 1770 2627 lieentia

229 2653 385 2688 multum
410 2651 613 2688 recessisse
639 2651 796 2687 videtur.
1812 2660 1817 2665 ·

345 2710 374 2756 ²)
402 2711 486 2747 Hoc
517 2712 681 2747 statuere
714 2709 862 2747 demum
893 2710 1016 2758 potuit
1047 2722 1080 2748 v.
1106 2709 1142 2747 d.
1166 2708 1329 2746 omnium
1355 2707 1525 2746 nimirum
1550 2706 1769 2746 Callimachi

226 2771 522 2808 hexametrorum
547 2767 691 2805 ratione
715 2767 838 2806 ducta.
