1964 3053
808 159 1092 202 —16-

179 292 271 333 tum
310 288 573 345 Orinagorae
618 288 815 346 proxime
861 288 1119 333 concinnata
1160 288 1239 334 sub
1277 300 1463 335 examen
1503 301 1720 337 vocemus.

180 358 321 418 Supra
351 372 449 403 cum
480 356 536 402 de
565 358 821 404 testimoniis
852 358 1120 404 extrinsecus
1150 357 1315 404 haustis
1344 361 1585 416 ageremus,
1614 359 1722 405 nihil

179 427 466 473 indicavimus
497 426 683 484 obstare,
714 441 770 473 ne
802 426 1064 484 Grinagorae
1092 428 1225 473 vitam
1260 428 1307 472 in
1336 426 1496 474 Tiberii
1531 431 1720 475 aetatem

179 502 421 555 promotam
445 510 542 542 esse
564 510 844 543 sumeremus.
897 495 980 542 Via
1001 498 1132 554 igitur
1159 496 1293 555 plana
1312 497 1526 555 utrimque
1544 501 1721 557 patente

144 601 147 604 .
180 566 413 611 videndum
434 570 514 622 est,
534 579 639 611 num
659 566 828 623 largum
846 565 955 611 illud
973 567 1181 625 temporis
1202 566 1393 625 spatium
1413 567 1721 614 circumsidere

179 636 407 694 possimus.
468 635 528 681 At
555 636 744 694 primum
776 636 951 692 defungi
987 649 1068 682 nos
1098 641 1268 695 oportet
1297 635 1464 682 duobus
1503 637 1720 696 epigram-

178 706 322 762 matis,
368 719 480 764 quae
523 706 634 752 falso
686 706 845 752 iudicio
897 705 1067 752 Tiberio
1117 707 1362 765 imperante
1414 707 1575 766 scripta
1622 721 1720 754 esse

179 775 400 823 dicuntur:

770 852 863 895 epp.
894 836 958 880 25
989 845 1028 881 et
1060 834 1131 879 48.

293 904 342 950 In
382 905 526 964 priore
562 919 705 951 sermo
742 905 790 951 fit
826 905 883 952 de
919 906 1054 951 Nicia
1092 904 1195 962 Coo,
1233 906 1354 952 cuius
1385 905 1572 952 cadaver
1602 908 1718 954 cives

178 975 332 1019 tumuli
362 975 558 1020 obicibus
588 978 710 1020 vecte
741 976 897 1020 amotis
936 975 1180 1021 effoderunt
1209 975 1450 1034 effossoque
1487 977 1718 1022 insultave—

177 1051 288 1090 runt.
340 1045 429 1089 Viri
461 1045 577 1090 docti
608 1059 694 1090 non
726 1046 927 1091 dubitant
956 1045 1071 1090 hunc
1101 1044 1267 1098 Niciam
1298 1060 1396 1090 cum
1426 1047 1502 1092 illo
1532 1047 1718 1092 eundem

177 1127 273 1161 esse
308 1113 545 1171 declarare,
578 1115 650 1173 qui
682 1113 945 1173 tyranniden
975 1106 1161 1160 Coorum
1191 1114 1372 1174 arripuit
1401 1128 1487 1162 sec.
1519 1115 1658 1164 Strab.
1687 1116 1717 1163 l.

175 1185 277 1228 XIV
305 1199 347 1242 p.
383 1186 467 1227 658
499 1190 543 1229 et
572 1185 666 1229 Ael.
701 1199 765 1229 vv.
805 1185 877 1228 hh.
914 1186 1024 1239 1,29.
1087 1184 1221 1237 Quem
1254 1184 1438 1229 Goorum
1474 1185 1718 1231 libertatem

176 1255 448 1314 oppressisse
479 1259 690 1301 annotant
725 1255 804 1301 sub
834 1254 1018 1312 Augusti
1057 1259 1101 1301 et
1129 1253 1288 1301 Tiberii
1325 1269 1459 1313 regno
1489 1255 1558 1302 vel
1593 1256 1718 1304 huius

177 1325 255 1369 sub
315 1326 497 1383 imperio
539 1325 645 1370 solo.
712 1324 838 1369 Hanc
889 1330 1037 1370 notam
1095 1329 1143 1369 ut
1200 1326 1510 1382 examinarem,
1566 1325 1718 1372 Niciae

176 1408 375 1440 nummos
414 1394 624 1451 consului,
657 1394 808 1452 quibus
839 1394 895 1440 de
932 1394 1095 1451 Sallet.,
1127 1408 1276 1440 museo
1306 1396 1549 1442 nummario
1579 1395 1715 1443 Bero-

175 1466 332 1509 linensi
382 1466 617 1522 praefecto,
668 1466 848 1508 comiter
892 1479 964 1508 me
1017 1464 1248 1509 adiuvante
1293 1465 1415 1509 illam
1459 1468 1717 1511 sententiam

176 1534 303 1581 facile
341 1534 496 1592 corrigi
539 1548 669 1594 posse
700 1534 1023 1592 intellegebam.
1069 1532 1180 1580 Nam
1225 1548 1336 1580 unus
1382 1548 1438 1580 ex
1482 1535 1545 1582 eis
1590 1550 1716 1582 num-

176 1607 258 1650 mis
304 1606 386 1650 hoc
422 1606 554 1649 habet
599 1619 818 1650 aversum:
864 1606 1000 1653 Νικίας
1031 1602 1254 1665 ’Χάρμυὸος
1296 1606 1439 1648 Κωΐων
1489 1606 1714 1664 (Mionnet.

176 1676 320 1733 3,408,
363 1689 427 1720 nr.
466 1674 557 1733 82),
593 1675 710 1721 unde
745 1675 853 1721 nihil
898 1689 1005 1722 sane
1041 1675 1268 1731 discimus;
1315 1674 1586 1735 Obarmydus
1622 1689 1716 1721 ma-

174 1748 377 1801 gistratus
416 1746 591 1803 quidam
628 1747 763 1792 fuisse
801 1746 983 1792 videtur.
1028 1747 1087 1791 At
1123 1747 1169 1790 in
1204 1750 1496 1804 imperatoriis
1532 1746 1609 1791 Coi
1648 1747 1716 1791 in-

175 1816 295 1862 sulae
331 1816 519 1861 nummis
555 1814 673 1861 idem
718 1816 890 1862 obviam
926 1815 975 1861 fit
1012 1814 1295 1874 Charmydus,
1341 1814 1420 1862 sed
1464 1815 1716 1862 coniunctus

175 1901 273 1931 cum
314 1887 508 1943 Augusto
553 1887 616 1931 sic
666 1887 743 1943 (ib.
785 1901 849 1931 nr.
891 1886 988 1944 84):
1038 1886 1253 1944 Σεβαστοςε
1300 1887 1509 1947 Χάρμυδος
1553 1887 1715 1942 Κωΐωνς

173 1958 275 2003 inde
297 1958 439 2004 elucet
468 1958 662 2016 Anqusto
685 1962 893 2014 regnante
914 1956 1082 2004 Niciam
1112 1957 1321 2004 floruisse.
1368 1957 1478 2004 Huic
1507 1959 1715 2017 temporis

173 2028 333 2073 indicio
380 2028 635 2081 certissimo,
687 2032 736 2073 ut
787 2028 892 2073 mibi
945 2028 1128 2085 videtur,
1182 2029 1414 2087 scriptores
1466 2029 1715 2087 neutiquam

173 2103 427 2157 repugnant.
489 2098 556 2143 De
593 2098 766 2143 Aeliani
802 2098 964 2143 fabella
1000 2099 1161 2156 inepta,
1193 2111 1279 2155 qua
1308 2097 1459 2144 Niciae
1488 2099 1715 2155 augurium

173 2167 392 2226 quoddam
436 2171 538 2213 ante
582 2167 857 2226 tyrannidem
903 2173 1128 2227 acceptum
1174 2168 1320 2226 refert,
1366 2181 1453 2214 non
1498 2173 1565 2215 est
1600 2168 1716 2228 quod

172 2239 431 2294 laboremus,
471 2237 694 2283 Strabonis
731 2242 873 2283 autem
913 2238 969 2283 de
999 2237 1124 2283 Nicia
1160 2238 1292 2284 verba
1327 2239 1459 2297 capiti
1499 2239 1554 2295 ei,
1600 2238 1715 2297 quod

174 2310 263 2356 Coo
310 2309 501 2354 dicatum
547 2312 614 2354 est
659 2308 706 2365 (1.
745 2307 858 2353 XIV.
902 2323 945 2367 p.
985 2308 1179 2366 657s58)‚
1230 2308 1398 2354 intexta
1441 2308 1550 2355 haec
1595 2313 1714 2355 sunt:

171 2381 235 2424 καὶ
265 2377 359 2424 καθ’
377 2381 484 2439 ἡμᾶς
515 2378 651 2428 Νικίας
688 2379 708 2422 ὁ
745 2378 809 2422 καὶ
846 2381 1090 2440 τυραννήσας
1126 2382 1204 2423 τῶν
1244 2378 1387 2433 Κώων,
1427 2378 1491 2423 καὶ
1521 2379 1713 2441 Ἀρίστων

172 2456 192 2496 ὁ
218 2455 513 2513 ἀκροασάμενος
544 2456 611 2495 τοῦ
642 2456 934 2511 περιπατητικοῦ
965 2452 1030 2494 καὶ
1059 2452 1363 2512 κληρονομήσας
1392 2452 1546 2495 ἐκεῖνον.
1595 2453 1652 2511 ἦν
1672 2454 1714 2496 δε

171 2525 235 2569 καὶ
256 2525 505 2583 Θεόμνηστος
529 2525 550 2567 ὁ
578 2524 736 2584 ψάλτης
758 2523 799 2567 ἐν
822 2525 991 2582 ὀνόματι,
1018 2524 1061 2572 ὃς
1076 2524 1140 2568 καὶ
1156 2524 1497 2568 ἀντεπολιτεύσατο
1512 2530 1568 2584 τῷ
1583 2523 1711 2584 Νικίᾳ.

173 2597 317 2656 Opera
361 2597 446 2641 levi
493 2596 766 2653 cognoscitur
816 2595 923 2640 nihil
967 2596 1013 2640 in
1063 2595 1145 2641 hoc
1188 2595 1284 2641 loco
1328 2596 1488 2653 inesse,
1539 2609 1621 2654 quo
1666 2601 1715 2642 ut

174 2667 341 2713 Niciam
371 2671 464 2713 tum
497 2666 628 2712 etiam
662 2667 801 2712 vivum
834 2665 1060 2724 fingamus,
1092 2665 1371 2713 adducamur.
1430 2665 1567 2714 Immo
1604 2680 1714 2726 quae

171 2738 227 2784 de
264 2738 466 2784 Aristone
501 2735 758 2796 philosopho
796 2740 840 2782 et
878 2736 933 2782 de
971 2735 1258 2783 Theomnesto
1304 2735 1509 2796 deinceps
1552 2741 1713 2794 narrat,

171 2807 369 2865 suadent,
400 2811 447 2852 ut
467 2805 636 2853 Niciam
658 2805 889 2865 tyrannide
919 2806 1149 2865 depulsum
1179 2820 1391 2866 ponamus
1422 2821 1474 2853 eo
1504 2812 1712 2866 tempore,
