2051 3140
779 174 1068 216 -45-

161 298 347 355 Augusti
383 303 580 359 tempora
615 300 861 345 referemus.
921 299 1027 345 Item
1069 299 1342 344 coniecturae
1373 312 1501 356 quam
1534 297 1589 341 de
1624 310 1691 355 ep.

163 369 220 412 36
250 368 535 415 Schneiderus
572 370 836 429 periclitatus
877 374 944 415 est
980 369 1056 426 (ad
1086 368 1408 427 expeditionem
1453 368 1619 413 Tiberii
1654 380 1692 411 a.

167 436 256 483 734
285 444 529 497 susceptam
560 440 606 483 id
635 439 922 483 revocandum
954 438 1066 496 esse)
1099 452 1196 483 cum
1228 443 1314 482 tres
1346 439 1564 482 contineat
1599 450 1693 481 cor-

163 507 395 566 reptioneS,
427 521 481 552 ex
512 507 662 565 quibus
693 521 823 552 unam
853 508 1112 553 trochaicam
1143 508 1188 551 in
1218 512 1351 567 pent,
1381 508 1560 552 metrica
1582 507 1693 552 ratio

164 589 252 624 non
296 573 479 633 resistet,
525 581 573 621 ut
615 581 761 622 tamen
806 578 901 623 aliis
937 577 992 622 de
1030 579 1170 623 causis
1206 592 1308 621 num
1345 578 1586 622 verisimilis
1623 578 1692 633 sit,

165 658 430 704 magnopere
460 645 664 691 dubitem.
724 646 842 692 Idem
888 646 1116 693 dicendum
1155 651 1220 692 est
1257 646 1309 691 de
1347 660 1400 691 ea
1435 647 1692 705 suspicione,

163 728 248 772 qua
283 715 483 761 Reiskius
519 717 780 761 assentiente
817 717 981 762 Geistio
1012 717 1234 771 virginem,
1266 729 1375 772 quae
1411 717 1457 759 in
1493 716 1693 773 pulcher-

162 784 270 829 rimo
322 798 390 844 ep.
439 786 493 829 12
546 785 737 831 natalem
789 785 904 831 diem
956 785 1174 830 celebrare
1227 783 1400 841 dicitur,
1455 785 1693 829 Antoniam

163 854 370 899 minorem
394 868 491 899 esse
511 855 695 900 obtinett
734 856 1023 917 correptiones
1045 867 1141 898 eam
1164 853 1380 909 adiuvant,
1412 854 1693 912 probabilitas

162 936 249 968 non
264 924 388 981 item;
409 923 524 969 idem
542 924 597 969 de
614 938 679 981 ea,
697 938 781 981 qua
795 924 909 968 idem
929 939 966 968 v.
984 924 1022 968 d.
1043 937 1110 982 ep.
1122 924 1176 966 15
1193 922 1249 967 ad
1270 937 1399 967 unum
1423 937 1478 967 ex
1498 924 1561 968 eis
1581 924 1693 967 mili—

163 993 277 1038 tibus
308 999 504 1051 spectare
539 997 677 1052 putat,
716 994 788 1050 qui
825 993 880 1038 ab
911 994 1102 1049 Augusto
1139 992 1343 1038 adversus
1374 992 1612 1038 Cantabros
1647 994 1693 1037 in

163 1060 418 1120 Hispaniam
449 1062 715 1107 ducebantur
744 1075 782 1106 a.
810 1061 912 1119 729,
943 1063 1112 1107 etiamsi
1143 1075 1230 1106 non
1260 1075 1435 1120 prorsus
1466 1061 1703 1107 abicienda·

163 1132 219 1176 sit
250 1125 326 1188 (cf.
358 1146 400 1189 p.
426 1131 528 1189 15.).
581 1131 740 1176 Contra
770 1146 908 1189 neque
929 1133 1037 1176 ratio
1059 1132 1273 1186 metrica¹)
1302 1146 1442 1188 neque
1465 1146 1692 1187 argumen-

161 1204 252 1245 tum
298 1200 562 1259 opitulantur
608 1201 680 1246 alii
726 1202 917 1246 eiusdem
965 1201 1126 1246 Reiskii
1174 1195 1412 1247 sententiae
1458 1214 1485 1245 a
1530 1200 1693 1246 Geistio

162 1271 384 1328 probatae,
423 1284 507 1327 qua
542 1284 609 1329 ep.
643 1274 669 1314 5
701 1270 756 1315 ad
788 1271 972 1316 Lucium
1002 1271 1232 1315 Caesarem
1267 1272 1485 1328 pertinere
1522 1271 1693 1326 conicit,

163 1344 312 1385 natum
358 1339 531 1385 demum
580 1354 618 1385 a.
653 1341 749 1384 737.
786 1340 937 1387 Geistii
975 1339 1227 1399 (Woltersii)
1262 1344 1409 1386 autem
1445 1340 1500 1386 de
1537 1354 1604 1399 ep.
1639 1341 1693 1384 19

162 1410 354 1469 opinioni
386 1411 440 1454 ab
471 1410 552 1455 hac
583 1415 704 1469 parte
735 1426 820 1456 non
851 1412 1034 1457 obicitur
1052 1411 1141 1456 ulla
1160 1410 1403 1466 difficultas,
1434 1411 1552 1467 item,
1584 1424 1694 1469 quae

162 1493 240 1524 nos
271 1479 326 1523 de
343 1482 499 1525 Niciae
529 1486 670 1524 aetate
701 1479 1024 1539 disputavimus,
1055 1482 1140 1525 iam
1164 1480 1432 1538 correptione
1463 1481 1549 1538 (ep.
1573 1481 1692 1537 25,3)

161 1563 248 1595 non
277 1549 472 1606 legitima
499 1550 650 1595 fulcire
680 1564 918 1608 possumus.
978 1550 1028 1596 In
1049 1556 1152 1597 nota
1181 1551 1365 1607 denique
1395 1551 1694 1609 epigrammati

160 1619 220 1662 40
258 1619 512 1665 subiunctae
556 1620 834 1665 ostendemus
880 1634 967 1665 non
1005 1626 1121 1666 recte
1159 1637 1196 1666 v.
1229 1624 1257 1665 2
1287 1623 1428 1680 γράψαι
1457 1619 1694 1665 Porsonum

161 1688 394 1735 coniecisse
424 1690 470 1734 in
499 1695 700 1748 poemate
729 1704 815 1735 non
845 1691 995 1750 paucis
1023 1691 1148 1737 annis
1177 1696 1280 1750 post
1310 1706 1349 1736 a.
1376 1690 1522 1749 73213,
1554 1696 1601 1735 ut
1632 1691 1693 1735 vi-

161 1757 299 1814 detur,
320 1760 589 1805 concinnato.
621 1786 676 1793 —-
700 1760 901 1805 Omnium
924 1774 1024 1806 vero
1044 1762 1233 1822 pessime
1249 1767 1544 1820 comparatum
1565 1766 1693 1817 esset,

161 1829 198 1874 si
245 1828 506 1886 Grinagorae
550 1829 760 1875 vindicari
804 1835 964 1889 posset,
1011 1844 1078 1889 ep.
1110 1831 1151 1887 6,
1190 1832 1311 1876 cuius
1347 1845 1494 1876 versus
1531 1831 1694 1889 primus

161 1903 387 1956 praeterea
417 1900 533 1944 solus
564 1901 769 1955 omnium,
789 1914 1055 1957 ,quamquam
1084 1902 1389 1957 semiquinaria
1419 1915 1599 1946 caesura
1627 1902 1693 1944 in-

161 1972 345 2013 structus
360 1968 495 2026 est,iu
510 1968 853 2029 monosyllabum
863 1973 907 2015 et
914 1969 1172 2028 bisyllabum
1190 1970 1446 2015 vocabulum
1463 1969 1693 2016 desineret.

160 2036 217 2082 Et
236 2039 526 2096 correptiones
542 2040 716 2095 quidem
733 2044 906 2096 praeter
919 2053 1049 2082 unam
1068 2039 1327 2096 dactylicam
1346 2046 1446 2084 ante
1467 2054 1580 2084 caes.
1599 2041 1692 2084 buc.

162 2106 221 2165 (v.
252 2106 299 2165 3)
330 2106 521 2165 singulas
552 2108 742 2153 continet
771 2109 815 2153 in
846 2109 1102 2168 pentametri
1134 2109 1276 2168 priore
1307 2111 1361 2166 (v.
1395 2108 1440 2168 6)
1474 2112 1519 2155 et
1547 2112 1693 2169 poste-

162 2178 275 2221 riore
319 2182 441 2234 parte
479 2178 536 2234 (v.
569 2179 630 2234 2),
677 2178 786 2222 duas
830 2183 1057 2236 praeterea
1091 2179 1331 2223 trochaicae
1369 2181 1454 2236 (vv.
1489 2182 1512 2222 1
1553 2185 1596 2223 et
1631 2182 1694 2236 3).

162 2245 289 2292 Nullo
324 2245 454 2292 modo
491 2246 599 2292 haec
636 2245 814 2293 offensio
851 2247 1054 2305 mollitur,
1091 2252 1139 2293 ut
1172 2248 1332 2295 factum
1370 2261 1464 2295 esse
1501 2248 1695 2296 videmus

161 2317 208 2361 in
237 2330 306 2375 ep.
336 2318 407 2373 43,
445 2330 719 2362 caesurarum
755 2319 935 2374 ratione,
966 2331 1064 2362 cum
1093 2319 1243 2363 tertius
1273 2319 1570 2364 tantummodo
1601 2334 1696 2365 ver-

163 2399 236 2433 sus
266 2399 492 2433 caesuram
524 2386 761 2433 bucolicam
792 2386 1030 2433 admixtam
1051 2387 1253 2434 exhibeat
1276 2389 1534 2446 trochaicae,
1565 2390 1697 2435 ceteri

163 2470 324 2518 omnes
361 2457 590 2502 trochaicis
627 2457 730 2503 solis
765 2457 1027 2503 incidantur.
1086 2457 1229 2503 Etiam
1267 2473 1440 2505 sensum
1480 2461 1696 2519 epigram-

162 2526 290 2572 matis
335 2526 478 2572 multis
518 2527 631 2572 vitiis
667 2527 878 2585 laborare,
922 2527 1174 2585 intellegent
1218 2530 1289 2587 qui
1323 2525 1526 2575 'Jacobsii
1571 2535 1695 2575 notas

162 2595 435 2655 perlegerint,
480 2610 535 2641 ea
577 2607 733 2642 sanare
769 2598 838 2643 vel
874 2599 1016 2657 potius
1051 2598 1312 2657 perlustrare
1347 2613 1433 2644 non
1471 2604 1537 2645 est
1572 2599 1696 2645 huius

162 2666 261 2712 loci.
322 2665 379 2712 Ut
406 2671 553 2713 tamen
582 2668 639 2714 ab
668 2666 980 2727 epigrammate
1000 2669 1198 2717 rimando
1218 2670 1410 2716 nondum
1429 2670 1697 2726 recedamus,

163 2735 267 2782 facit
310 2741 461 2794 caput,
506 2736 622 2794 quod
664 2738 753 2783 iam
796 2737 1069 2784 tractandum
1113 2739 1238 2785 nobis
1280 2740 1595 2799 proposuimus,
1641 2741 1697 2785 de

163 2806 319 2866 spuriis
349 2806 672 2865 epigrammatis
703 2806 989 2866 Grinagoreis.

282 2913 308 2961 ι)
332 2911 438 2950 Duae
460 2911 590 2951 insunt
612 2913 877 2964 correptiones,
901 2914 1022 2953 altera
1041 2914 1233 2954 trochaica
1255 2915 1294 2953 in
1317 2918 1564 2965 pentametro.
