1964 3053
870 132 1161 175 „22-

251 260 415 305 iaceret
460 260 516 304 ad
569 260 711 304 Rheni
759 260 876 317 ripas
922 260 1166 304 vulneribus
1211 271 1351 317 paene
1396 259 1616 304 confectus
1660 263 1788 317 atque

255 329 440 387 aquilam
492 328 698 374 exercitui
748 332 940 388 ereptam
991 327 1172 375 vidisset
1220 341 1248 373 a
1298 328 1504 385 barbaris,
1565 328 1789 374 exsiluisse

253 411 399 442 rursus
431 411 485 441 ex
522 401 665 453 strage
695 401 958 442 mortuorum
996 402 1040 442 et
1069 398 1211 442 occiso
1248 410 1314 455 eo,
1345 398 1417 455 qui
1453 397 1572 442 illam
1608 396 1787 454 ferebat,

253 467 433 513 ducibus
470 467 722 514 restituisse.
764 466 901 524 „Huic
935 467 1043 513 soli“
1084 468 1146 514 sic
1176 467 1509 525 elegantissime,
1539 472 1588 513 ut
1616 466 1788 524 assolet,

255 537 429 581 Grotius
460 538 602 594 vertit,
635 537 785 593 „licuit
814 538 984 582 vincere
1015 537 1118 582 dum
1156 539 1373 584 moritur.“
1428 530 1585 582 'Simile
1620 537 1787 582 facinus

251 607 433 651 refertur
462 620 490 651 a
519 606 648 653 Floro
689 606 745 665 (II
776 606 850 665 30)
882 607 947 653 his
991 608 1148 653 verbis:
1190 607 1351 665 „Signa
1389 612 1433 653 et
1468 606 1636 665 aquilas
1677 607 1787 653 duas

250 676 390 720 adhuc
421 677 593 721 barbari
622 676 860 734 possident,
892 677 1063 721 tertiam
1094 677 1272 733 signifer
1300 679 1548 735 priusquam
1568 677 1613 720 in
1633 689 1787 721 manus

249 745 436 791 hostium
474 746 652 803 veniret,
692 746 844 792 evolsit
880 760 1150 803 mersamque
1187 746 1303 791 intra
1332 746 1463 792 baltei
1500 746 1566 793 sui
1595 745 1785 792 latebras

249 829 404 871 gerens
442 817 488 859 in
527 821 705 860 cruenta
741 815 901 874 palude
931 817 993 861 sic
1029 816 1195 861 latuit.“
1257 815 1350 860 Hac
1386 815 1504 861 Flori
1542 816 1787 860 narratione

249 889 491 930 commotus
522 900 561 931 v.
595 885 651 941 d.‚
684 899 782 929 cum
818 886 893 929 alii
925 885 1037 931 bello
1076 899 1248 930 carmen
1280 884 1469 930 adscribi
1505 898 1591 930 non
1626 890 1786 943 posset,

247 969 334 999 non
367 954 496 1000 modo
534 954 689 1010 simile,
720 954 799 999 sed
829 953 945 999 idem
976 954 1135 1000 factum
1172 955 1226 999 ab
1257 960 1434 1012 utroque
1470 953 1651 999 indicari
1682 968 1785 999 con-

248 1023 395 1069 cludit.
461 1024 508 1068 In
539 1025 785 1069 universum
807 1038 912 1069 sane
941 1024 1087 1081 largiri
1109 1025 1233 1070 nobis
1263 1024 1364 1069 licet
1393 1023 1510 1082 quod
1529 1023 1785 1081 Grinagoras

247 1094 457 1150 celebrat,
496 1094 663 1138 facinus
700 1094 744 1136 in
789 1107 937 1150 pugna
971 1092 1326 1149 Teutoburgiensi
1363 1094 1637 1139 commissum
1677 1108 1784 1150 esse,

247 1163 417 1207 etiamsi
455 1163 645 1206 locorum
686 1161 920 1220 descriptio
955 1175 1011 1206 ne
1047 1161 1129 1206 hoc
1167 1161 1338 1219 quidem
1385 1162 1430 1206 in
1475 1163 1785 1221 epigrammate

246 1232 427 1289 quadret
465 1231 522 1276 ad
559 1231 729 1277 cladem
765 1232 899 1276 illam.
967 1230 1098 1291 Porro
1144 1245 1241 1276 cum
1285 1246 1433 1277 versus
1480 1233 1663 1289 quintus,
1701 1246 1784 1289 quo

246 1302 301 1346 de
347 1316 435 1346 una
478 1306 648 1347 tantum
685 1301 830 1358 aquila
866 1314 1009 1346 sermo
1054 1306 1133 1357 est,
1171 1306 1340 1347 ceterae
1385 1302 1651 1359 omittuntur,
1697 1315 1784 1347 non

190 1378 192 1380 ’
245 1385 512 1430 magnopere
542 1371 686 1416 faveat
715 1372 754 1415 ei
786 1372 1038 1428 sententiae,
1070 1371 1244 1417 ultimus
1265 1385 1412 1417 versus
1443 1386 1530 1417 non
1556 1371 1785 1417 abhorrere

245 1443 415 1487 videtur
451 1455 479 1485 a
514 1454 661 1499 pugna
697 1440 899 1485 Variana.
961 1439 1096 1493 Quam
1128 1440 1302 1498 quidem
1340 1440 1590 1498 intellegere
1621 1454 1700 1487 nos
1738 1446 1786 1487 ιιι

248 1511 354 1556 nihil
385 1512 512 1568 cogit,
543 1512 606 1556 ita
636 1510 742 1555 nihil
772 1510 972 1569 prohibet
991 1524 1266 1569 magnopere.
1328 1510 1445 1556 Flori
1476 1514 1620 1556 autem
1643 1512 1786 1570 capite

246 1582 291 1626 in
330 1581 536 1626 auxilium
573 1585 725 1626 vocato
766 1594 879 1626 nova
914 1580 990 1625 lux
1028 1585 1144 1626 certe
1180 1594 1268 1626 non
1313 1580 1490 1637 affulget
1527 1579 1786 1637 Grinagorae

248 1652 442 1696 carmini.
503 1650 639 1695 Immo
676 1650 721 1694 id
758 1664 891 1694 unum
930 1650 1215 1707 consentiunt,
1248 1650 1361 1707 quod
1391 1654 1567 1708 uterque
1597 1651 1785 1708 aquilam

246 1722 394 1767 militis
414 1722 569 1766 virtute
600 1721 654 1765 ab
675 1720 877 1777 hostium,
892 1721 1090 1766 manibus
1118 1720 1341 1766 defensam
1362 1721 1505 1779 tradit,
1536 1721 1580 1766 in
1611 1721 1786 1779 reliquis

246 1791 498 1849 discrepant
518 1804 647 1848 quam
668 1791 870 1835 maxime.
917 1789 1040 1835 Unde
1061 1795 1258 1849 apparet,
1275 1791 1468 1848 quamvis
1489 1790 1572 1835 hoc
1602 1790 1787 1848 deneget

246 1862 555 1916 Mommsenus,
576 1860 633 1905 ad
654 1860 773 1904 aliud
794 1860 954 1905 bellum
971 1861 1239 1918 epigramma
1254 1861 1444 1905 revocari
1460 1874 1610 1918 posse:
1632 1874 1701 1905 res
1718 1875 1783 1917 ea,

246 1944 374 1989 quam
406 1929 485 1984 ille,
501 1930 630 1986 canit,
661 1930 770 1975 tanti
808 1930 1014 1975 momenti
1046 1943 1132 1975 non
1164 1934 1268 1987 erat,
1301 1928 1416 1987 quod
1443 1929 1531 1974 iam
1563 1928 1784 1976 Brodaeus

244 2002 439 2059 percepit
454 2001 708 2057 rectissime,
724 2005 771 2044 ut
787 2000 842 2045 ab
859 2013 1113 2057 unoquoque
1129 2000 1298 2045 illorum
1319 2004 1561 2057 temporum
1577 2000 1784 2058 scriptore

244 2084 342 2116 eam
387 2071 569 2117 relatam
614 2084 711 2117 esse
756 2074 966 2130 oporteat.
1030 2068 1117 2117 Nos
1161 2070 1293 2128 igitur
1323 2069 1490 2116 etiamsi
1527 2067 1783 2116 Mommseni

243 2143 499 2185 sententiam
532 2141 837 2199 probabilitate
867 2154 954 2185 non
993 2154 1140 2185 carere
1179 2140 1469 2196 concedimus,
1506 2145 1650 2184 tamen
1688 2153 1782 2184 car-

243 2212 348 2256 mini
380 2211 501 2256 illam
529 2224 720 2270 pugnam
752 2210 893 2256 locum
924 2213 1157 2257 necessario
1187 2209 1341 2256 fecisse
1372 2208 1615 2255 diffitemur.
1626 2209 1656 2268 ¹)

361 2281 418 2325 At
448 2286 495 2324 ut
525 2279 677 2325 demus
703 2280 815 2338 plus,
843 2293 971 2337 quam
993 2279 1183 2324 dandum
1211 2284 1289 2335 est,
1311 2292 1456 2324 veram
1484 2292 1579 2324 esse
1599 2278 1782 2324 Momm-

243 2351 335 2397 seni
366 2350 714 2408 explicationem,
746 2363 829 2406 quo
853 2349 980 2394 modo
1012 2348 1129 2394 Flori
1159 2353 1203 2394 et
1224 2349 1486 2404 Orinagorae
1515 2349 1782 2394 narrationes

242 2421 462 2467 conciliari
492 2427 675 2478 possunt
703 2421 815 2464 inter
853 2419 930 2464 se?
979 2419 1113 2464 Nullo
1144 2419 1343 2464 existimo
1375 2418 1460 2463 alio
1491 2418 1574 2463 nisi
1610 2418 1705 2475 hoc,
1735 2424 1784 2465 ιιι

241 2496 467 2548 utrumque
504 2504 595 2534 rem
633 2503 719 2535 non
759 2490 933 2546 factam,
978 2489 1057 2535 sed
1099 2490 1244 2534 fictam
1295 2493 1369 2533 aut
1411 2502 1581 2534 rumore
1626 2489 1781 2535 saltem

240 2566 546 2618 exaggeratam
578 2560 737 2605 referre
769 2559 975 2605 dicamus.
1039 2559 1118 2605 Cui
1139 2560 1383 2605 sententiae
1412 2563 1499 2605 tres
1518 2559 1781 2618 opitulantur

241 2645 417 2676 causae:
448 2631 636 2689 primum
658 2629 772 2687 quod
794 2643 922 2696 nemo
943 2630 1139 2688 scriptor,
1161 2643 1189 2673 a
1208 2629 1335 2674 Floro
1353 2630 1390 2674 si
1406 2628 1671 2687 discesseris,
1688 2642 1780 2675 rem

358 2780 385 2828 ι)
411 2780 458 2817 de
480 2791 522 2816 re
544 2779 696 2818 metrica
719 2790 849 2827 parum
874 2780 986 2817 istam
1010 2779 1222 2828 opinionem
1246 2779 1529 2817 commendante
1552 2779 1636 2818 vide
1659 2789 1699 2826 p.
1721 2779 1780 2818 40.
