2051 3140
874 154 1157 196 -11-

253 281 322 336 sit,
358 294 411 325 ex
447 280 512 326 his
550 280 740 325 versibus
776 280 953 324 minime
990 278 1187 324 concludi
1222 282 1384 337 potest;
1424 277 1503 323 sed
1549 278 1589 321 ei
1627 277 1698 333 qui
1736 276 1783 320 id

253 351 386 409 ponit,
420 365 510 396 ‘non
546 350 684 395 habeo
722 349 836 407 quod.
873 350 1082 395 resistam.
1143 348 1278 394 Multo
1314 353 1459 394 autem
1506 345 1782 392 verisimilius

250 419 333 465 hoc
362 423 604 479 poneretur,
625 420 661 464 si
690 432 836 463 verum
869 423 983 463 esset
1002 444 1055 451 -
1077 418 1123 462 id
1144 418 1257 475 quod
1277 418 1534 473 Brunckius‚
1566 417 1782 471 Reiskius‚

180 502 188 515 ·’
251 488 477 535 Jacobsius
507 493 697 534 statuunt
725 514 782 520 —

274 612 277 616 1
942 573 1005 616 ep.
1038 556 1097 603 47

251 640 333 685 quo
350 629 513 673 amiens
534 628 794 684 Crinagorae
822 628 964 683 „intra
977 626 1261 672 bibliothecae
1277 627 1464 672 claustra
1483 641 1617 685 usque
1639 631 1780 671 reten-

249 697 346 742 tus“
361 700 412 743 ut
424 696 617 743 Athenas
633 696 849 755 profectus
865 697 1070 755 mysteria
1085 695 1307 741 Eleusinia
1321 697 1490 752 invisat,
1511 696 1779 753 admonetur,

250 768 286 811 si
317 780 463 811 verum
483 768 612 823 igitur
631 771 745 812 esset
763 768 808 811 in
828 766 1002 811 laudem
1023 767 1240 810 initiorum
1260 765 1575 811 Eleusiniorum
1601 766 1779 822 „quibus

248 835 466 891 Augustus
505 848 544 880 a.
576 836 660 878 723
698 836 893 880 initiatus
929 836 1037 890 est,“
1077 848 1251 879 carmen
1289 836 1592 880 concinnatum
1631 835 1779 891 esse.¹)

249 902 353 948 Mihi
388 904 497 949 haec
534 905 739 962 temporis
781 903 1036 960 significatio
1074 904 1118 948 in
1163 904 1473 961 epigrammate
1512 905 1653 949 inesse
1692 917 1780 959 non

247 972 428 1030 videtur,
450 974 564 1032 quod
583 973 700 1018 idem
715 973 920 1033 probatur
940 972 1120 1031 Geistio,
1142 974 1214 1031 qui
1234 973 1407 1031 quidem
1428 973 1504 1017 illa
1534 974 1798 1018 coniectura*

248 1045 409 1088 reiecta
438 1044 618 1088 alteram
647 1044 810 1101 profert
839 1045 976 1099 magis
1006 1043 1290 1102 probandam.
1352 1043 1464 1088 Nam
1499 1043 1779 1099 Crinagoram

247 1114 388 1171 ipsum
433 1113 613 1159 Athenis
657 1119 868 1159 moratum
919 1113 981 1171 [in
1026 1114 1178 1158 itinere
1222 1114 1264 1157 in
1311 1112 1479 1158 Italiam
1529 1112 1774 1171 suscepto?]

247 1188 376 1240 atque
421 1184 556 1229 sacris
602 1184 664 1228 eis
710 1184 924 1228 initiatum
969 1197 1065 1228 esse
1109 1197 1319 1242 apparere
1364 1188 1560 1228 autumat
1605 1184 1687 1228 hoc
1725 1198 1779 1227 ex

247 1254 450 1298 carmine.
473 1278 527 1284 —
549 1252 596 1297 In
618 1252 819 1298 solidiore
839 1253 1116 1297 fundamento
1136 1254 1225 1297 iam
1241 1254 1401 1298 securis
1420 1254 1602 1308 vestigia
1617 1266 1779 1310 ponere

246 1322 348 1367 licet
377 1323 515 1379 nobiS‚
548 1323 584 1367 si
613 1327 732 1368 recte
761 1322 1138 1380 interpretabimur

931 1407 994 1450 ep.
1026 1391 1090 1435 11.

362 1460 629 1506 Dubitationi
682 1462 754 1505 vix
803 1461 1035 1506 obnoxium
1087 1464 1164 1517 est,
1204 1461 1305 1518 quin
1350 1460 1593 1517 Marcellus,
1646 1475 1775 1519 quem

243 1534 374 1588 poeta
409 1530 649 1587 alloquitur,
686 1530 802 1574 idem
842 1531 898 1574 sit
934 1543 986 1574 ac
1021 1529 1342 1575 laudatissimus
1374 1531 1437 1573 vir
1466 1532 1530 1574 M.
1565 1531 1772 1575 Claudius

243 1600 489 1656 Marcellus,
508 1599 554 1644 C.
571 1600 615 1656 f.‚
633 1598 815 1644 deliciae
831 1599 981 1658 populi
996 1599 1179 1644 Romani
1196 1598 1317 1655 (Tac.
1338 1600 1451 1644 Ann.
1473 1601 1514 1656 2,
1536 1602 1613 1656 413
1644 1599 1770 1645 Dion.

243 1669 314 1725 53,
346 1668 436 1727 31),
468 1669 522 1714 ab
553 1669 751 1714 omnibus
780 1669 1056 1727 scriptoribus
1087 1669 1263 1713 summis
1286 1669 1483 1714 laudibus
1514 1670 1772 1725 celebratus,

243 1752 369 1794 quem
400 1751 440 1783 a.
473 1741 557 1782 712
594 1745 668 1783 aut
698 1740 782 1782 713
813 1744 959 1783 natum
991 1752 1086 1784 esse
1118 1753 1171 1783 ex
1193 1737 1311 1793 ‚VelL
1343 1738 1438 1783 Pat.
1469 1741 1510 1794 2,
1542 1740 1613 1795 93,
1644 1739 1771 1784 Dion.

243 1808 313 1864 53,
353 1809 409 1851 28
455 1808 634 1866 aliisque
678 1808 785 1853 locis
830 1807 1109 1853 concluditur.
1184 1807 1351 1852 Bellum
1397 1807 1652 1866 Hesperium
1697 1807 1772 1863 (ad

243 1877 356 1934 quod
393 1878 579 1935 pertinet
616 1877 807 1922 eiusdem
846 1877 1107 1933 Crinagorae
1144 1891 1212 1935 ep.
1244 1876 1319 1933 34)
1351 1878 1444 1921 iure
1474 1878 1634 1922 bellum
1658 1877 1770 1922 Can-

241 1947 453 1991 tabricum
491 1960 588 1992 esse
624 1951 804 1992 censent
839 1962 905 1992 vv.
938 1945 1010 1992 dd.
1042 1946 1144 1992 inde
1180 1946 1235 1991 ab
1273 1960 1311 1991 a.
1346 1948 1430 1989 727
1461 1961 1595 2004 usque
1633 1947 1690 1992 ad
1728 1962 1769 1993 a.

243 2018 328 2061 729
364 2017 587 2073 gestum2).
648 2016 726 2061 Cui
765 2017 896 2061 etiam
937 2016 1189 2061 Marcellum
1226 2017 1472 2062 interfuisse
1518 2030 1574 2062 ex
1619 2017 1770 2062 Dionis

240 2086 270 2130 1.
301 2088 373 2130 53.
405 2100 442 2131 c.
474 2087 531 2130 26
562 2086 780 2142 discimus,
811 2087 886 2131 ubi
916 2099 995 2144 per
1023 2085 1274 2130 Marcellum
1311 2090 1355 2130 et
1385 2085 1614 2142 Tiberium,
1648 2089 1770 2145 quasi

240 2154 418 2213 aediles,
465 2155 712 2214 spectacula
755 2156 800 2199 in
845 2155 952 2214 ipsis
992 2156 1142 2201 castris
1187 2155 1394 2201 militibus
1439 2155 1629 2201 exhibita
1674 2171 1769 2203 esse

239 2225 432 2271 traditur.
493 2225 612 2270 Idem
648 2226 828 2284 scriptor
867 2230 1014 2270 narrat
1049 2226 1179 2270 etiam
1211 2239 1249 2271 a.
1282 2226 1382 2282 729,
1420 2239 1519 2270 cum
1548 2226 1769 2283 Augustus

239 2296 389 2342 morbo
419 2296 464 2340 in
495 2295 706 2354 Hispania
735 2296 1001 2352 retineretur,
1032 2297 1204 2354 nuptias
1233 2295 1428 2341 Marcelli
1465 2301 1508 2341 et
1536 2297 1678 2343 duliae
1714 2299 1769 2343 ab

238 2366 433 2425 Agrippa
462 2372 637 2424 paratas
669 2379 764 2411 esse
795 2365 873 2420 (ib.
905 2378 942 2410 e.
974 2367 1065 2422 27.)
1125 2364 1193 2410 Ex
1223 2365 1487 2421 Crinagorae
1516 2366 1647 2422 igitur
1676 2369 1768 2426 epi-

238 2442 477 2491 grammate
493 2435 636 2492 colligi
652 2440 794 2494 potest
807 2433 1058 2480 Marcellum
1074 2435 1162 2479 iam
1169 2436 1289 2480 initio
1299 2436 1400 2479 anni
1412 2437 1509 2492 729,
1519 2437 1767 2494 priusquam

238 2504 397 2550 bellum
429 2504 698 2564 profligatum
730 2509 844 2550 esset
871 2518 950 2563 per
978 2506 1160 2560 Augusti
1190 2505 1359 2560 legatos
1391 2506 1466 2561 (ib.
1500 2519 1536 2550 c.
1558 2508 1628 2562 25,
1650 2506 1769 2552 Flori

237 2574 277 2620 II
311 2575 387 2630 33)
423 2577 470 2620 in
504 2574 672 2621 Italiam
709 2588 929 2620 reversum
962 2574 1119 2619 festum
1149 2574 1366 2631 lanuginis
1397 2574 1620 2633 depositae
1650 2576 1767 2622 diem

356 2679 383 2726 ¹)
409 2680 509 2717 Vide
533 2679 645 2717 Dion.
669 2679 695 2717 l.
711 2679 769 2717 51.
793 2689 826 2717 c.
841 2680 882 2724 43
907 2677 1008 2716 Suet.
1028 2679 1127 2726 Aug.
1144 2689 1174 2716 c.
1199 2679 1262 2725 933
1287 2679 1334 2717 cf.
1351 2678 1463 2716 etiam
1479 2678 1767 2729 Kiesslingium:

236 2738 311 2774 Zur
333 2736 466 2775 chron.
489 2749 526 2774 u.
551 2738 720 2775 Anordn.
744 2737 780 2775 d.
805 2737 896 2775 Hor.
921 2737 1029 2774 Odon
1053 2737 1163 2783 (Phil.
1188 2737 1408 2775 Untersuch.
1434 2738 1489 2781 II)
1515 2750 1552 2784 p.
1577 2738 1649 2777 53⁷.

351 2795 379 2844 ²)
404 2793 460 2835 Cf.
483 2795 576 2835 Hor.
600 2806 634 2835 c.
657 2794 718 2833 III
743 2796 799 2833 14.
