1964 3053
822 136 1105 178 -44-

195 265 285 309 lum
325 266 414 310 fere
459 271 538 320 est,
584 264 662 308 sed
709 277 828 308 mera
865 263 1012 320 libido,
1053 276 1181 321 quam
1220 277 1301 320 ego
1338 252 1511 321 quidem
1550 265 1735 323 assequi,

195 348 294 379 cum
326 349 409 391 qua
438 334 593 379 luctari
625 347 712 377 non
739 347 928 391 possum.
993 333 1230 378 Statuimus
1260 337 1405 378 autem
1435 347 1567 392 supra
1585 333 1736 379 Grina-

195 418 343 459 goram
389 404 545 461 partim
592 417 742 447 versus
787 403 1017 448 rarissimis
1063 408 1107 448 et
1147 403 1447 449 audacissimis
1490 403 1736 449 distinxisse

195 473 535 530 correptionibus
567 475 613 516 et
633 471 863 516 trochaicis
886 476 930 516 et
951 470 1192 531 dactylicis,
1223 472 1381 530 partim
1409 486 1558 518 versus
1577 486 1735 518 vacuos

194 557 246 587 ea
276 543 451 587 licentia
481 542 551 587 vel
580 542 724 600 parcis
756 546 799 586 et
818 542 1022 598 legitimis
1044 542 1284 587 succinctos
1305 541 1565 599 condidisse,
1595 557 1736 601 neque

193 616 337 655 tamen
360 611 468 656 haec
489 610 574 656 duo
606 624 768 667 genera
795 611 842 655 in
873 611 1197 669 epigrammatis
1227 616 1390 657 temere
1419 612 1735 671 permiscuisse,

192 681 270 726 sed
301 682 510 726 maiorem
542 695 691 726 eorum
723 685 893 738 partem
913 681 1127 738 posterius
1148 681 1449 728 tantummodo
1479 696 1616 738 genus
1637 696 1733 728 ver-

191 765 316 795 suum
348 751 592 809 complecti,
622 751 668 794 in
699 750 909 795 minorem
946 750 1065 809 prius
1102 749 1210 794 illud
1245 764 1382 807 genus
1418 756 1591 810 poetam
1631 765 1734 797 con-

190 821 391 877 gessisse.
452 819 621 865 Deinde
672 820 953 878 comprobare
1002 819 1302 866 contendimus
1351 821 1397 865 in
1447 820 1529 866 hoc
1576 835 1735 878 genere

190 904 244 934 ea
288 894 493 948 poemata
538 890 632 935 sola
677 890 820 934 locum
868 889 1041 945 habere,
1090 902 1199 947 quae
1236 898 1336 936 ante
1373 903 1413 935 a.
1449 889 1537 935 743
1573 891 1735 950 scripta

190 974 286 1006 esse
318 960 414 1006 aliis
435 960 701 1016 argumentis
722 959 892 1005 ostendi
913 964 1069 1021 potest,
1100 973 1155 1005 ea
1174 973 1284 1018 quae
1313 960 1416 1005 inde
1436 962 1489 1005 ab
1518 964 1593 1007 hoc
1619 978 1733 1007 anno

190 1031 236 1074 in
267 1030 410 1074 lucem
442 1030 610 1086 prolata
640 1034 753 1084 sunt,
784 1028 1073 1073 adscribenda
1093 1043 1189 1074 esse
1219 1029 1344 1074 alteri
1363 1031 1524 1086 generi.
1585 1028 1734 1088 Neque

187 1100 318 1155 igitur
370 1099 624 1144 temeritatis
676 1099 856 1142 crimine
906 1098 1119 1156 implicari
1177 1099 1301 1144 nobis
1360 1100 1575 1155 videmur,
1634 1114 1732 1145 cum

189 1169 305 1213 circa
365 1168 447 1213 hoc
502 1172 672 1226 tempus
727 1168 1008 1212 mutationem
1065 1167 1184 1211 illam
1245 1168 1475 1214 incessisse
1535 1168 1732 1216 dicimus.

190 1237 337 1296 Neque
384 1238 509 1283 abest
554 1238 816 1293 coniectura,
863 1251 948 1295 qua
994 1238 1247 1295 explicetur.
1315 1238 1453 1297 Supra
1505 1239 1734 1285 ostendere

188 1309 331 1352 conati
353 1321 500 1353 sumus
519 1307 799 1364 Grinagoram
822 1308 857 1352 si
879 1307 1050 1365 regulas
1071 1321 1099 1352 a
1120 1307 1293 1367 Meyero
1323 1309 1463 1368 primo
1492 1309 1732 1369 patefactas

188 1383 231 1423 et
276 1379 524 1434 illustratas,
563 1379 600 1423 si
639 1391 840 1423 caesuras
877 1382 921 1422 et
957 1378 1160 1423 elisiones
1199 1379 1472 1437 respicimus,
1508 1382 1646 1425 totum
1684 1394 1734 1426 se

188 1448 361 1492 dedisse
396 1447 786 1491 Alexandrinorum
816 1447 1059 1503 imitationi,
1092 1448 1279 1492 maxime
1310 1453 1454 1493 autem
1477 1448 1730 1494 Callimachi

187 1518 400 1576 poematis
431 1531 606 1576 operam
640 1531 836 1573 navasse,
873 1518 944 1575 qui
973 1518 1019 1561 in
1049 1517 1247 1563 omnibus
1284 1518 1606 1576 epigrammatis
1643 1532 1729 1565 non

187 1589 284 1645 plus
316 1601 443 1644 quam
468 1596 671 1646 quattuor
691 1588 985 1644 correptiones
1007 1586 1245 1645 dactylicas
1276 1588 1357 1632 sibi
1387 1587 1578 1633 indulsit.
1640 1587 1728 1633 Fa-

188 1658 270 1703 cile
301 1658 432 1714 igitur
462 1657 555 1702 fieri
586 1658 741 1715 potuit,
773 1662 819 1701 ut
839 1656 964 1701 huius
985 1661 1139 1715 poetae
1160 1656 1300 1703 studio
1329 1663 1567 1703 commotus
1596 1659 1728 1704 etiam

186 1728 525 1786 correptionibus
576 1732 705 1772 antea
754 1727 962 1783 neglectis
1008 1740 1184 1784 operam
1235 1728 1442 1773 tribueret
1487 1734 1531 1773 et
1581 1729 1727 1787 pristi-

186 1813 301 1855 nam,
333 1799 401 1843 cui
432 1812 478 1843 se
510 1797 753 1853 addixerat,
784 1797 1005 1841 licentiam
1037 1797 1224 1841 molliret
1253 1802 1381 1855 atque
1411 1797 1521 1844 adeo
1553 1800 1727 1845 omnino

185 1874 375 1914 exueret.
410 1895 461 1901 —
497 1867 608 1921 Quid
640 1872 783 1912 autem
817 1881 871 1912 ex
901 1867 1082 1912 metrica
1112 1872 1206 1912 arte
1228 1867 1489 1924 Crinagorae
1518 1869 1639 1913 illum
1680 1870 1725 1914 in

185 1937 361 1982 modum
393 1942 559 1981 mutata
589 1936 734 1992 colligi
774 1936 905 1980 licet?
967 1939 1035 1981 An
1083 1937 1230 1981 omnia
1276 1950 1330 1981 ea
1373 1937 1524 1994 viginti
1560 1941 1727 1998 septem

183 2008 498 2066 epigrammata
547 2013 646 2065 post
695 2007 778 2051 hoc
828 2011 1002 2065 tempus
1048 2009 1210 2065 scripta
1255 2007 1382 2052 esse?
1444 2007 1635 2063 Minime,
1680 2008 1727 2052 id

182 2091 312 2121 unum
345 2078 437 2121 iure
469 2075 765 2121 concludimus
786 2089 840 2120 ex
861 2076 943 2121 hac
965 2077 1203 2122 carminum
1226 2077 1391 2122 ratione
1413 2077 1728 2137 epigrammata

182 2149 414 2193 rarioribus
446 2153 490 2192 et
520 2147 823 2192 audacioribus
855 2149 1195 2205 correptionibus
1230 2143 1442 2192 instructa
1472 2149 1727 2193 collocanda

181 2231 277 2263 esse
324 2221 423 2262 ante
470 2217 701 2262 terminum
745 2216 883 2261 illum.
944 2216 1030 2262 Sed
1083 2230 1138 2263 ne
1188 2216 1298 2263 haec
1347 2216 1518 2276 quidem
1571 2218 1727 2276 exigua

180 2303 286 2333 sane
309 2302 479 2333 summa
509 2302 672 2343 eorum,
704 2301 816 2345 quae
847 2288 1161 2333 elaboravimus
1190 2289 1235 2332 in
1258 2302 1311 2332 ea
1331 2302 1377 2332 re
1398 2288 1725 2346 perscrutanda,

178 2359 308 2417 plane
341 2356 587 2417 spernenda
615 2361 694 2414 est,
725 2357 858 2403 immo
890 2357 1077 2415 aliquem
1099 2362 1215 2403 certe
1235 2357 1419 2403 fructum
1440 2356 1497 2402 ad
1526 2362 1725 2418 tempora

180 2430 539 2487 epigrammatum
573 2427 835 2473 excutienda
863 2427 965 2472 inde
996 2441 1152 2486 capere
1188 2427 1302 2472 licet.
1387 2463 1391 2466 .

297 2499 443 2544 Pauca
483 2497 528 2542 id
565 2512 701 2555 genus
740 2496 895 2543 afferre
925 2496 1040 2543 haud
1087 2497 1265 2556 pigebit.
1311 2496 1360 2542 In
1397 2498 1539 2556 prima
1574 2498 1725 2543 harum

179 2571 478 2627 quaestionum
523 2572 663 2626 parte,
701 2581 798 2612 cum
837 2567 892 2612 de
930 2582 997 2626 ep.
1028 2569 1085 2611 48
1126 2567 1452 2626 disputavimus,
1491 2568 1725 2627 probabili-

176 2647 254 2695 ter,
286 2653 426 2696 neque
457 2644 603 2683 tamen
642 2637 805 2695 liquido
843 2642 1030 2683 statuere
1069 2638 1299 2695 potuimus,
1330 2651 1413 2694 quo
1452 2638 1741 2696 potissimumv

176 2714 438 2768 imperatore
461 2721 637 2753 carmen
659 2706 881 2752 conditum
915 2712 1040 2753 esset.
1074 2706 1198 2752 Nunc
1218 2708 1498 2765 epigramma,
1521 2721 1619 2752 cum
1643 2700 1724 2752 du'·

177 2780 287 2825 abus
335 2777 677 2838 correptionibus
725 2776 1028 2835 distinguatur,
1075 2793 1161 2822 non
1198 2777 1449 2823 dubitanter
1485 2776 1544 2822 ad
1579 2777 1725 2836 priora
