2051 3140
857 131 1146 174 ...17-

214 235 322 324 uno
365 264 517 313 Strabo
553 277 661 325 opus
697 277 821 310 suum
858 260 1098 319 composuit
1133 261 1214 316 (ca.
1246 272 1287 304 a.
1320 258 1375 302 18
1407 256 1476 302 vel
1509 255 1598 314 19),
1645 267 1768 314 prae-

84 313 88 317 *
138 320 159 362 '⁴
238 337 403 384 sertim-1
415 337 453 383 si
483 336 613 382 verba
630 335 681 393 ἦν
696 333 738 378 δὲ
753 333 818 378 καὶ
836 328 1129 389 respiciamus.
1189 328 1337 386 Itaque
1369 327 1633 384 Crinagorae
1664 338 1769 382 quo-

239 414 329 465 que'
363 403 630 467 epigramma
669 405 725 450 de
762 407 893 463 poeta
927 399 1095 445 Tiberio
1147 402 1356 454 regnante
1401 398 1626 443 etiamtum
1671 395 1768 439 vivo

236 476 343 523 nihil
371 476 545 521 omniuo
575 475 768 520 continet
797 469 916 528 (vide
941 473 1166 527 praeterea
1195 480 1237 524 p.
1267 467 1362 522 45).
1395 491 1452 498 —-
1483 464 1612 510 Haud
1644 464 1770 509 alite'r

236 544 515 589 iudicandum
545 548 611 589 est
640 543 696 587 de
726 541 1040 598 epigrammate
1066 537 1140 581 48.

353 613 484 661 Cuius
529 614 584 659 de
626 610 979 670 interpretatione
1023 608 1186 666 optime
1231 607 1406 651 meritus
1451 612 1518 652 est
1561 606 1765 661 Geistius,

238 697 334 730 cum
380 685 474 742 quis
509 687 626 729 esset
659 683 840 743 Κρίσπος,
887 678 946 725 ad
991 692 1119 736 quem
1165 690 1314 722 versus
1361 690 1460 722 suos
1507 677 1763 733 Crinagoras

236 753 408 811 direxit,
438 752 619 798 fidenter
663 757 842 799 erueret.
909 747 1178 808 Approbavit
1229 747 1345 790 enim
1390 746 1654 803 Schneideri,
1694 748 1765 804 qui

235 822 291 867 de
325 821 532 868 Passieno
545 822 737 881 ·Crispo,
774 821 916 867 amico
945 818 1140 863 Senecae
1179 814 1252 871 (cf.
1284 815 1414 861 Anth.
1450 815 1545 863 Lat.
1582 831 1646 862 nr.
1678 818 1764 861 405

235 894 282 938 et
310 890 429 950 445),
460 893 734 949 cogitaverat,
754 889 995 937 sententiae
1017 886 1265 941 refragatus
1281 884 1477 944 Crispum
1501 885 1764 942 Crinagorae

234 974 329 1005 esse
350 956 606 1005 Sallustium
628 962 841 1017 Coiepum,
871 971 999 1014 quem
1019 970 1075 1000 ex
1095 955 1386 1013 compluribus
1406 954 1542 1000 Taciti
1571 960 1618 1002 et
1636 956 1764 1001 Plinii

233 1030 339 1077 locis
368 1034 497 1087 atque
527 1043 581 1075 ex
611 1027 714 1075 Hora
746 1032 827 1075 sat.
857 1025 877 1073 1
905 1028 948 1084 2,
978 1026 1036 1071 48
1068 1029 1112 1071 et
1141 1038 1180 1071 c.
1212 1023 1264 1082 Π,
1294 1026 1322 1069 2
1353 1024 1519 1071 affatim
1551 1025 1763 1084 novimus,

233 1099 354 1144 cuius
372 1099 611 1143 immensae
640 1098 814 1148 divitiae
834 1102 879 1142 et
908 1109 1067 1152 magna
1086 1095 1203 1153 apud
1228 1096 1512 1153 imperatores
1532 1098 1763 1140 auctoritas

169 1170 174 1174 ”
233 1169 405 1226 saepius
441 1174 842 1213 commemorantur.
880 1192 936 1199 —-
973 1165 1064 1218 Quo
1101 1163 1316 1210 accedunt
1351 1178 1460 1222 quae
1495 1164 1678 1212 Jahnius
1721 1171 1765 1211 et

234 1238 326 1283 eius
355 1237 611 1297 sententiam
644 1237 716 1295 qui
754 1234 992 1294 amplificat
1020 1238 1064 1279 et
1101 1234 1285 1290 corrigit,
1315 1233 1687 1290 Zangemeisterus
1718 1237 1762 1280 in

232 1308 378 1352 Herm.
410 1307 491 1351 vol.
523 1306 563 1351 II
592 1306 648 1351 de
676 1306 760 1351 hoc
780 1306 970 1351 carmine
1000 1304 1305 1353 disseruerunt.
1352 1303 1535 1361 Egregie
1557 1307 1687 1362 enim,
1717 1312 1764 1351 ut

232 1391 270 1422 v.
311 1376 369 1434 d.,
405 1389 532 1435 quem
574 1375 724 1421 ultimo
767 1375 864 1420 loco
903 1373 1188 1429 laudavimus,
1225 1371 1534 1420 demonstravit
1576 1375 1637 1433 (p.
1675 1377 1761 1419 469

232 1446 337 1504 sq.),
349 1446 542 1492 locorum
573 1445 803 1504 descriptio
834 1445 1046 1501 convenit,
1075 1443 1287 1502 siquidem
1312 1443 1527 1491 Vitruvius
1552 1444 1627 1503 (ΠΙ
1647 1447 1689 1502 2,
1710 1447 1759 1503 2)

229 1515 352 1562 testis
367 1517 437 1561 est
450 1513 554 1560 fana
573 1514 726 1560 Tm'um
741 1515 1037 1560 Fortunarum
1057 1514 1237 1574 (Τρισσαὶ
1252 1514 1396 1573 Τύχαι)
1413 1516 1608 1572 proxime
1627 1516 1760 1560 fuisse

228 1590 398 1644 portam
429 1584 642 1631 Collinam
678 1586 824 1643 itaque
855 1586 985 1631 etiam
1021 1585 1167 1632 hortos
1197 1585 1477 1632 Sallustianos
1508 1584 1626 1643 (Tac.
1658 1585 1758 1633 hist.

226 1656 283 1701 111
318 1656 409 1714 82),
446 1670 552 1714 quos
589 1656 764 1715 Crispus
802 1657 857 1701 ab
895 1656 1100 1702 historico
1129 1656 1370 1702 hereditate
1400 1662 1639 1715 acceperat.
1689 1658 1759 1702 Ad

227 1726 511 1772 Horatianum
542 1740 709 1784 quoque
740 1739 913 1772 carmen
944 1726 1244 1772 illustrandum
1275 1726 1511 1785 paullulum
1543 1726 1760 1774 lucramur

226 1798 535 1856 epigrammate
581 1797 771 1843 subsidio
817 1798 1047 1853 arcessito,
1089 1797 1136 1841 id
1180 1797 1293 1855 quod
1333 1812 1467 1855 usque
1513 1799 1570 1842 ad
1610 1799 1758 1845 Kiess-

224 1868 404 1924 lingium
448 1868 666 1912 neminem
704 1867 912 1913 editorem
950 1868 1104 1913 fecisse
1139 1868 1295 1912 mirum
1333 1873 1411 1914 est.
1472 1866 1668 1927 Namque
1703 1884 1758 1916 ex

226 1942 375 1996 quarto
406 1950 531 1983 versu
562 1936 767 1982 discimus
788 1936 1034 1982 Sallustium
1066 1950 1154 1982 non
1185 1937 1313 1982 modo
1345 1937 1523 1983 divitem
1553 1939 1686 1984 fuisse
1715 1946 1759 1985 et

226 2008 386 2053 eximia
420 2008 615 2066 potentia
649 2007 856 2063 floruisse,
893 2006 971 2051 sed
1010 2008 1141 2052 etiam
1178 2009 1444 2065 praestitisse
1482 2010 1673 2054 maxima
1709 2012 1755 2055 in

136 2091 153 2133 g
224 2079 386 2124 amicos
429 2078 684 2123 liberalitate
736 2082 780 2122 et
829 2077 1140 2123 benevolentia.
1215 2077 1339 2130 Quod
1390 2080 1426 2123 si
1478 2093 1624 2124 verum
1676 2087 1755 2138 est,

224 2148 411 2194 Schiitzii
447 2152 491 2193 et
526 2161 673 2192 eorum
710 2147 781 2204 qui
817 2160 917 2191 eum
954 2152 1199 2204 sequuntur,
1250 2150 1466 2193 sententia
1516 2148 1570 2193 de
1617 2149 1757 2210 Crispi

224 2218 481 2275 aviditate¹)‚
502 2231 611 2274 quae
633 2216 779 2261 dubito
803 2231 858 2261 an
880 2216 1045 2262 Horatii
1061 2218 1254 2263 versibus
1274 2218 1353 2262 niti
1368 2223 1566 2275 nequeat,
1586 2222 1756 2278 penitus

224 2289 393 2335 corruit.
454 2285 612 2334 Nostra
640 2291 783 2333 autem
814 2287 948 2332 multo
978 2286 1112 2347 pluris
1141 2288 1321 2333 interest
1357 2289 1629 2347 constituere,
1661 2293 1755 2349 quis

223 2359 386 2405 Caesar
413 2359 487 2403 ille
516 2359 657 2414 fuerit,
687 2372 767 2416 per
797 2371 923 2414 quem
953 2362 1001 2401 ut
1029 2358 1157 2402 altius
1177 2359 1307 2402 etiam
1340 2360 1516 2416 (μεῖζον)
1549 2362 1756 2408 evehatur

225 2428 414 2487 Crispus,
453 2432 579 2488 optat
614 2432 757 2487 poeta,
787 2427 1003 2484 Augustus
1040 2441 1097 2473 an
1127 2427 1333 2475 Tiberius.
1395 2429 1451 2475 Ut
1487 2446 1541 2477 ex
1571 2430 1754 2480 Taciteis

221 2498 328 2544 locis
344 2498 500 2555 elucet,
521 2498 732 2557 imprimis
752 2497 869 2557 apud
888 2498 1126 2557 Augustum
1148 2500 1308 2544 eximia
1337 2502 1529 2558 potentia
1547 2502 1753 2561 pollebat,

221 2569 283 2612 ita
319 2573 367 2612 ut
405 2568 635 2624 „incolumi
671 2568 922 2614 Maecenate
958 2565 1192 2626 proximus,
1230 2584 1333 2615 mox
1367 2572 1637 2629 praecipuus,
1683 2574 1753 2618 cui

339 2724 372 2770 ¹)
396 2723 506 2762 Haec
529 2725 627 2762 enim
652 2727 830 2763 annotat:
854 2725 973 2771 „Eine
993 2725 1151 2772 gewisse
1167 2724 1397 2773 Andeutung
1411 2727 1536 2765 seiner
1551 2728 1753 2766 Habsueht

222 2782 300 2821 und
324 2782 658 2830 Verschwendung
681 2783 777 2821 lasst
799 2783 880 2822 sich
905 2783 1001 2822 auch
1022 2783 1103 2821 hier
1126 2783 1230 2822 nicht
1253 2784 1497 2824 verkennen.“

1497 2845 1519 2881 2
