2051 3140
891 171 946 179 -.
1005 147 1179 207 25¹...

271 268 424 322 tarum‘
453 275 600 323 vitium
615 269 620 275 ⁴
636 269 741 333 erat,
778 273 894 334 quod
929 272 1188 330 Grinagorae
1230 282 1494 329 magnopere
1539 267 1802 327 exprobrare

271 355 359 392 non
392 340 511 394 licet.
565 341 775 392 Acerbius
807 345 937 403 igitur
979 356 1106 401 qnam
1150 354 1334 400 aequum
1375 345 1442 387 est
1491 338 1712 384 Kaibelius
1757 338 1803 382 in

270 414 510 462 Philodemi
554 415 742 461 editione
784 414 898 458 hunc
941 415 1115 471 poetam
1159 412 1441 469 contemptim
1483 422 1696 467 „magnae
1740 407 1803 452 illi

270 484 485 539 rhetorum
520 485 686 543 turbae,
717 483 804 531 stili
834 486 882 529 et
912 482 1031 528 artis
1050 481 1317 529 incuriosae‘“
1350 483 1618 526 annumerat.
1680 477 1804 531 Quod

269 555 473 600 iudicium
519 568 571 600 eo
616 554 756 610 magis
798 553 977 598 miratus
1014 566 1122 608 sum,
1165 550 1282 609 quod
1320 552 1557 596 observatio
1588 563 1655 606 ea,
1686 548 1814 593 unde·

269 623 552 681 proficiscitur
579 639 619 668 v.
650 623 710 679 d.,
740 622 1011 678 Grinagoreis
1047 621 1257 679 exemplis
1294 622 1467 666 omnino
1498 634 1583 665 non
1613 620 1801 665 fulcitur.

264 692 361 737 Ἠδὲ
405 694 520 739 enim
555 691 767 750 particula
806 691 932 750 epica
964 691 1281 736 Alexandrinos
1319 694 1362 735 et
1395 690 1614 748 politiores
1650 693 1802 747 poetas

269 775 440 820 semper
469 761 577 821 dicit
601 761 877 815 abstinuisse;
898 774 998 805 nam
1020 773 1222 816 magnam
1240 760 1360 803 illam
1380 759 1595 803 rhetorum
1618 759 1801 814 turbam,

270 831 341 888 qui
377 830 541 876 seilicet
575 829 686 876 hanc
721 831 912 887 regulam
947 844 1036 875 non
1073 829 1374 885 observabant,
1405 842 1452 874 se
1482 827 1588 873 nihil
1625 828 1804 883 morari;

269 913 342 945 eos
379 913 556 946 numero
587 906 810 958 poetarum
845 898 1098 944 eximendos
1135 912 1242 943 esse.
1303 898 1359 942 Ut
1394 899 1482 942 iam
1517 897 1678 942 dictum
1723 903 1801 954 est,

268 968 376 1015 haec
405 970 544 1015 acrior
563 983 745 1015 censura
763 970 858 1028 ipso
890 982 942 1014 eo
972 968 1145 1024 indicio,
1177 967 1290 1026 quod
1320 968 1527 1024 allegant,
1559 968 1799 1013 confirmari

267 1053 353 1084 non
383 1043 539 1098 potest,
577 1040 677 1096 quia
713 1051 923 1096 nusquam
960 1039 1077 1097 apud
1107 1038 1386 1094 Grinagoram
1416 1039 1488 1095 ἠδέ
1518 1038 1686 1095 legitur,
1716 1039 1801 1083 nisi

267 1109 377 1153 sorte
414 1109 630 1154 Kaibelius
667 1110 878 1154 rationem
922 1109 1113 1154 Jacobsii
1158 1109 1325 1167 probat,
1373 1110 1444 1166 qui
1489 1102 1660 1154 volebat
1707 1109 1801 1154 sine

268 1191 400 1224 causa
448 1179 513 1223 bis
564 1179 685 1237 (epp.
736 1181 794 1222 42
834 1183 889 1223 ‘et
938 1179 1017 1234 51)
1077 1193 1174 1224 eam
1233 1180 1487 1236 particulam
1544 1180 1590 1223 in
1634 1183 1798 1224 textum

267 1248 515 1293 coniectura
555 1247 769 1293 invehere.
829 1247 943 1293 Sane
983 1249 1029 1293 in
1066 1263 1133 1308 ep.
1171 1249 1242 1300 6,5
1276 1249 1332 1291 ἰδέ
1376 1249 1587 1308 particula
1628 1248 1799 1306 legitur,

267 1331 376 1375 quae
404 1319 451 1361 in
481 1318 632 1363 eodem
663 1332 821 1374 genere
852 1318 1051 1363 ducenda
1079 1324 1163 1373 est3
1185 1320 1263 1364 sed
1295 1333 1484 1374 carmen,
1513 1324 1562 1363 ut
1590 1319 1675 1363 alio
1704 1319 1799 1363 loco

266 1387 666 1444 demonstrabimuS‚
702 1389 1025 1447 suppositicium
1064 1393 1142 1435 est.
1210 1388 1359 1447 Neque
1399 1390 1561 1434 maiore
1597 1401 1798 1434 successu

264 1457 381 1503 idem
425 1472 465 1503 v.
511 1457 552 1502 d.
599 1457 764 1515 (Herm.
801 1457 883 1504 vol.
929 1457 1061 1504 XVII.
1107 1473 1150 1517 p.
1196 1459 1303 1516 423)
1353 1463 1528 1515 „notum
1572 1458 1797 1504 artificium

264 1526 667 1583 Alexandrinorum,
684 1541 766 1583 quo
781 1529 1144 1585 praepositionem
1160 1529 1217 1572 ad
1230 1529 1356 1586 plura
1371 1529 1639 1573 substantiva
1658 1528 1798 1585 appli-

265 1595 451 1642 candam
495 1596 644 1656 ultimo
689 1597 851 1642 nomini
896 1596 1131 1655 adiciunt“,
1168 1597 1428 1656 Crinagorae
1466 1603 1512 1642 ut
1547 1597 1797 1655 aequalibus

263 1667 403 1726 poetis
433 1666 667 1712 abiudicat:
700 1681 801 1711 nam
837 1666 1052 1713 difficilius
1088 1668 1194 1712 mibi
1232 1668 1399 1713 videtur
1437 1681 1504 1726 ep.
1537 1669 1635 1724 34‚1
1669 1681 1797 1712 accu-

263 1739 446 1783 sativum
476 1739 598 1797 μύχον
628 1751 683 1782 ex
713 1739 818 1794 ἔλθῃ
850 1739 1041 1797 pendere
1084 1738 1214 1784 malle
1260 1753 1388 1796 quam
1433 1740 1796 1797 praepositionem

263 1807 475 1870 supplere.
521 1807 657 1854 Immo
677 1809 809 1854 etiam
829 1808 963 1854 altero
983 1808 1079 1853 loco
1101 1808 1190 1867 (ep.
1211 1808 1326 1864 40‚2‚
1348 1807 1400 1852 cf.
1422 1807 1589 1862 notam)
1611 1807 1795 1852 eandem

262 1883 517 1924 structuram
525 1877 592 1924 Cr.
602 1877 848 1925 adhibuisse
855 1877 1035 1924 videtur.
1047 1878 1209 1923 —Jam
1224 1879 1473 1937 priusquam
1489 1877 1547 1923 ad
1563 1877 1795 1923 dialectum

261 1961 340 1992 nos
369 1952 681 2004 convertamus,
703 1948 811 1993 duas
840 1961 911 1993 res
931 1949 1110 1993 strictim
1136 1949 1345 2003 attingere
1365 1948 1520 2005 placet.
1558 1948 1635 1990 Ad>
1650 1962 1716 2005 ep.
1738 1949 1795 1990 48

262 2016 450 2064 Geistius
486 2019 709 2065 annotavit
737 2032 791 2064 ex
820 2018 929 2076 lusu,
960 2032 1043 2076 quo
1074 2022 1204 2077 poeta
1232 2019 1362 2064 verbo
1393 2018 1517 2077 Τύχαι
1546 2023 1590 2063 et
1619 2017 1723 2062 deas
1752 2022 1798 2062 et

259 2086 438 2132 latinum
473 2089 722 2144 „fortunaffl
754 2087 1027 2145 significaret,
1058 2088 1336 2144 Crinagoram
1369 2089 1512 2144 colligi
1547 2102 1677 2146 posse
1708 2101 1794 2132 non

258 2158 504 2217 imperitum
539 2158 672 2205 fuisse
710 2160 873 2205 latinae
907 2158 1094 2216 linguae.
1155 2158 1248 2205 Hoc
1285 2173 1411 2205 nemo
1448 2167 1563 2205 certe
1607 2158 1793 2216 negabit,

259 2229 329 2285 qui
359 2229 619 2287 reputaverit
647 2242 734 2274 non
764 2229 893 2274 modo
924 2242 1024 2274 cum
1054 2230 1209 2288 ceteris
1230 2229 1406 2275 Graecis
1426 2230 1565 2288 poetis
1586 2234 1630 2273 et
1649 2229 1791 2273 rheto-

257 2298 374 2343 ribus
410 2297 574 2343 Romae
610 2298 871 2355 Crinagorae
905 2313 987 2357 per
1022 2299 1199 2356 longum
1237 2301 1351 2344 vitae
1391 2300 1575 2357 spatium
1614 2312 1792 2344 consue-

256 2365 449 2413 tudinem
484 2367 629 2426 fuisse,
661 2367 740 2414 sed
778 2369 909 2414 etiam
946 2381 1043 2414 cum
1081 2367 1299 2415 Romanis.
1357 2367 1508 2427 Itaque
1544 2369 1791 2426 neutiquam

255 2438 411 2481 mirum
440 2437 689 2494 indicarem,
711 2440 749 2484 si
778 2439 958 2483 latinam
988 2440 1225 2483 orationem
1256 2439 1326 2483 hic
1345 2440 1434 2484 illic
1454 2439 1511 2483 ad
1531 2439 1791 2494 Crinagorae

255 2520 497 2553 sermonem
528 2507 881 2554 conformandum
910 2507 1073 2567 aliquid
1104 2508 1338 2555 contulisse
1368 2514 1608 2568 appareret.
1655 2507 1790 2554 Huius

254 2581 401 2623 autem
439 2579 501 2623 rei
536 2580 764 2637 vestigium
800 2583 942 2624 exstat
970 2593 1121 2624 revera
1151 2584 1195 2624 et
1224 2581 1270 2624 in
1299 2580 1373 2624 illo
1405 2580 1716 2637 epigrammate
1748 2585 1793 2623 et

253 2649 298 2694 in
329 2662 427 2708 epp.
444 2650 475 2693 4
503 2654 548 2695 et
575 2651 617 2707 5,
648 2650 723 2697 ubi
753 2651 828 2694 ἀπὸ
859 2651 987 2709 θυμοῦ
1016 2651 1193 2699 πλείονος
1224 2655 1271 2696 et
1300 2650 1365 2694 ἀπ’
1383 2651 1451 2694 οὐκ
1482 2651 1617 2708 ὀλίγης
1647 2653 1793 2712 φρενός

252 2720 432 2767 latinam
479 2720 657 2780 phrasin
708 2739 788 2780 „0oe
844 2724 1013 2769 anim&
1078 2722 1279 2769 reddunt.
1287 2723 1319 2783 ¹)
1396 2722 1556 2776 Quibus
1617 2723 1789 2769 indiciis

370 2825 397 2874 ι)
419 2825 576 2864 consilio
599 2837 659 2876 ep.
683 2828 765 2874 37,3
788 2828 931 2874 reticui,
960 2828 1027 2866 ubi
1050 2828 1211 2870 θάνατος
1233 2839 1299 2878 pro
1331 2839 1479 2877 corpore
1511 2829 1600 2866 item
1634 2839 1681 2866 ac
1704 2828 1789 2865 lati-
