2051 3140
856 150 1146 193 ...23—

241 283 366 338 tanti,
396 283 434 327 si
463 281 576 327 cladi
597 280 810 325 Varianae
838 278 1058 330 tribuatur,
1081 275 1285 320 momenti
1314 285 1455 329 neque
1476 267 1770 327 spernendam

243 351 331 398 fido
378 351 538 397 auctori
581 349 834 409 praesertim
871 345 1064 390 Romano
1110 342 1477 397 commemoravit,
1518 340 1651 384 immo
1690 336 1772 382 Dio

244 422 373 468 etiam
418 421 587 466 tertiam
632 417 819 475 aquilam
855 415 901 458 in
945 413 1129 458 hostium
1164 426 1316 457 manus
1359 410 1564 457 incidisse
1609 407 1776 453 indicat

243 492 273 538 l.
304 492 361 537 60
391 505 429 537 c.
460 490 503 545 8,
534 501 715 546 quocum
744 486 772 531 l.
804 486 862 528 57
889 497 927 528 c.
961 484 1014 527 18
1036 480 1341 529 eonferendum
1371 485 1457 538 est3
1479 478 1639 526 deinde
1660 475 1775 536 quod

159 587 162 591 ·
244 560 396 606 Florus
440 559 614 603 omnino
664 558 851 600 incertos
903 557 1099 598 auctores
1143 555 1313 597 secutus
1358 565 1453 597 esse
1497 550 1678 604 videtur,
1728 551 1777 592 ut

245 629 377 676 verba
409 627 576 684 „adhuc
605 623 775 670 barbari
805 620 1054 681 possident“
1077 620 1328 677 ostendunt;
1358 625 1448 665 tum
1475 618 1589 678 quod
1619 643 1676 650 -
1706 616 1775 661 id-

247 711 329 754 que
348 696 643 752 gravissimum
664 716 715 723 —-
734 691 790 735 ad
811 690 1005 735 eiusdem
1025 690 1196 735 fabulae
1221 690 1464 747 exemplum
1481 689 1669 733 effictum
1693 690 1774 742 est,

247 764 362 822 quod
381 763 508 809 Silius
534 760 706 807 Italicus
736 759 847 805 bello
878 757 1038 804 Punico
1069 757 1257 805 secundo
1288 762 1415 816 atque
1443 756 1490 802 id
1519 769 1689 815 pugnae
1720 755 1777 800 ad

198 834 202 838 ’
247 835 387 877 laeum
410 832 707 876 Trasimenum
728 829 984 874 commissae
1004 828 1255 883 vindicavit3
1280 828 1388 873 haec
1411 828 1526 872 enim
1542 826 1597 871 de
1613 826 1777 870 Bruttio

248 902 385 947 milite
414 900 624 956 Romano,
654 902 800 944 narrat
828 900 859 942 l.
891 896 949 942 v1

248 985 287 1016 v.
308 972 362 1015 15
382 969 474 1016 Nec
502 974 648 1015 tamen
678 967 871 1013 adversis
902 966 1041 1012 fuerat
1070 967 1205 1012 fracta
1233 966 1342 1012 Itala
1372 968 1517 1012 virtus.

249 1054 288 1085 v.
305 1042 362 1084 25
384 1039 491 1084 Inde
520 1038 655 1083 honor
685 1050 737 1082 ac
767 1050 916 1082 sacrae
946 1036 1144 1082 custodia
1173 1036 1310 1082 Marte
1341 1037 1420 1082 sub
1455 1037 1571 1082 omni

388 1109 544 1163 Amin
573 1107 675 1152 hinc
705 1120 878 1152 causam
908 1107 1084 1152 nutrivit
1110 1107 1248 1163 gloria
1275 1107 1363 1152 leti.

391 1175 584 1233 Namque
614 1176 732 1220 necis
764 1180 917 1232 certus,
948 1180 1103 1235 captae
1130 1176 1353 1235 prohibere
1382 1178 1579 1235 nequiret

391 1246 500 1292 Cum
530 1246 698 1291 Poenos
729 1246 912 1303 aquilae,
943 1250 1167 1304 postquam
1198 1246 1418 1292 subsidere
1449 1246 1539 1291 fata

391 1315 574 1361 Viderat
603 1319 649 1360 et
677 1329 836 1372 magna
864 1329 1053 1374 pugnam
1083 1316 1292 1361 inclinare
1322 1316 1459 1372 ruina,

395 1386 592 1432 occulere
621 1385 835 1430 interdum
866 1390 910 1431 et
937 1390 1077 1431 terrae
1106 1385 1316 1432 mandare
1344 1386 1537 1445 parabat.

393 1455 481 1500 Sed
510 1455 660 1500 subitis
689 1455 826 1500 victus
855 1454 955 1500 telis
984 1455 1178 1501 labentia
1207 1456 1402 1501 membra

392 1524 626 1570 Prostravit
655 1538 785 1582 super
814 1529 942 1582 atque
970 1525 1132 1571 iniecta
1161 1530 1299 1571 morte
1328 1526 1515 1582 tegebat.

393 1595 552 1641 Verum
584 1595 655 1640 ubi
684 1594 760 1640 lux
790 1599 917 1641 nocte
948 1609 973 1641 e
1003 1595 1153 1654 Stygia
1181 1597 1421 1654 miseroque
1452 1610 1604 1655 sopore

393 1664 593 1721 Reddita,
625 1665 753 1709 vicini
784 1664 840 1710 de
870 1672 1011 1720 strage
1041 1665 1264 1712 cadaveris
1294 1666 1421 1711 hasta

394 1735 581 1792 Erigitur
610 1734 785 1792 soloque
815 1735 963 1791 vigens
994 1736 1219 1781 conamine
1248 1736 1335 1782 late

397 1806 679 1862 Stagnantem
710 1804 845 1849 caede
875 1810 919 1850 et
947 1805 1119 1850 facilem
1149 1805 1372 1851 discedere
1402 1812 1558 1852 terram

395 1875 510 1921 Ense
540 1874 647 1919 fodit
677 1874 952 1932 clausamque
982 1876 1151 1933 aquilae
1180 1876 1362 1922 infelicis
1393 1876 1577 1921 adorans

396 1944 592 2001 Effigiem
620 1946 777 2003 palmis
807 1945 1104 2004 lanquentibue
1134 1954 1291 2005 aequat
1320 1948 1477 1992 arenis.

398 2015 631 2073 Supremus
660 2015 762 2059 fessi
790 2018 942 2060 tenues
972 2019 1066 2060 tum
1095 2016 1225 2061 cessit
1253 2016 1298 2060 in
1328 2029 1456 2061 auras

398 2084 567 2132 Halitus
599 2089 642 2131 et
672 2097 872 2143 magnam
902 2085 1047 2132 missit
1076 2085 1153 2132 sub
1184 2084 1362 2132 Tartara
1391 2090 1594 2132 mentem.

347 2156 613 2212 Quamquam
655 2155 791 2199 multa
832 2156 997 2199 variata
1033 2160 1145 2212 sunt,
1189 2161 1337 2200 tamen
1373 2170 1459 2201 non
1498 2170 1582 2200 uno
1621 2156 1795 2200 nomine

182 2272 194 2289 Ι
260 2226 368 2273 haec
404 2225 615 2285 expositio
651 2225 805 2270 ceteris
846 2224 1081 2272 consimilis
1118 2230 1197 2272 est.
1258 2225 1368 2279 Quid
1403 2227 1492 2271 veri
1531 2226 1596 2272 his
1627 2224 1796 2271 fabellis

261 2296 412 2352 subsit,
450 2307 600 2340 eruere
641 2293 939 2339 difficillimum
985 2300 1064 2340 est.
1140 2295 1266 2341 Tales
1312 2309 1412 2341 vero
1453 2295 1796 2340 narratiunculae

260 2367 316 2412 ab
337 2366 435 2411 aliis
456 2365 579 2410 aliter
599 2368 830 2409 exornatae
850 2367 953 2422 post
972 2365 1206 2410 maximam
1228 2378 1439 2423 quamque
1471 2365 1731 2422 victoriam¹)
1754 2369 1797 2410 et

261 2435 431 2482 cladem
453 2438 629 2480 exortae
650 2433 1018 2492 libentissimeque
1042 2438 1250 2494 exceptae
1274 2435 1495 2481 celerrime
1518 2435 1796 2493 dissipantur,

261 2511 309 2551 ut
337 2505 488 2551 horum
520 2518 689 2563 quoque
718 2509 960 2563 temporum
979 2506 1189 2551 memoria
1210 2505 1449 2551 luculenter
1470 2505 1798 2550 demonstratur.

382 2656 407 2702 ¹)
434 2654 590 2693 Gratim
628 2656 680 2702 (in
713 2636 962 2704 praefatione)
997 2666 1081 2693 cum
1116 2656 1188 2692 hoc
1227 2656 1494 2705 epigrammate
1529 2647 1674 2693 confert
1698 2658 1801 2704 quod

264 2714 336 2752 Dio
366 2714 503 2761 (68,14)
541 2714 588 2751 de
627 2715 752 2762 equite
790 2714 949 2763 quodam
985 2715 1110 2761 refert,
1149 2716 1212 2762 qui
1248 2715 1369 2752 simile
1406 2715 1476 2751 viri
1512 2715 1620 2752 fortis
1657 2715 1803 2753 facinus

265 2773 456 2811 edidisset.
