2051 3140
835 167 1093 209 -7-

205 309 257 342 eo
299 295 586 351 confirmatur,
623 295 736 354 quod
779 309 865 340 non
905 308 1014 350 raro,
1054 299 1102 338 ut
1136 297 1288 351 postea
1326 289 1733 345 demonstrabimus,

205 365 348 411 scriba
374 366 418 411 in
449 378 594 411 versus
624 365 741 410 exitu
771 378 868 409 cum
888 363 1054 409 litteras
1086 362 1304 420 archetypi
1338 376 1424 407 non
1446 360 1734 417 dignosceret,

204 434 404 488 lacunam
449 435 710 480 correctione
757 433 1041 492 qualicunque
1077 432 1233 478 celavit
1276 437 1320 477 et
1356 430 1471 489 quod
1507 433 1736 489 praeterea

206 505 347 552 scriba
359 503 400 549 A
414 508 640 550 accentum
655 504 813 560 omisit,
829 502 1035 548 omissum
1051 501 1085 546 C
1102 500 1278 546 demum
1293 501 1507 560 supplevit
1515 500 1563 557 ¹).
1596 498 1734 551 Quam

206 575 262 620 ob
286 588 378 619 rem
400 572 553 620 Geistii
583 574 831 619 coniectura
859 572 1094 630 ,,Λίβωνος“
1123 571 1425 630 probabilitate
1445 584 1534 616 non
1560 568 1736 615 omnino

207 643 410 689 destituta
428 646 509 689 est.
539 643 743 689 Attamen
758 656 857 688 cum
878 656 1052 689 rasurae
1072 641 1235 687 nullum
1257 641 1490 699 dispexerit
1510 639 1735 695 vestigium

208 712 580 767 Stadtmuellerus,
626 712 697 768 qui
735 727 774 757 v.
805 712 847 757 d.
879 711 1137 770 compluries
1174 709 1289 754 hunc
1325 723 1493 754 versum
1532 709 1737 763 excussit,

208 781 355 838 atque'
380 793 476 825 cum
513 780 664 837 multa,
704 794 813 838 quae
858 794 946 825 non
990 779 1048 824 ad
1091 792 1183 823 rem
1222 778 1524 837 explicandam
1562 778 1738 833 faciunt,

210 848 366 895 Suidas
394 851 711 908 praetermittat
739 863 923 906 cumque
942 852 1169 907 praeterea
1188 848 1318 893 etiam
1334 847 1441 893 alios
1457 861 1509 892 ac
1523 846 1740 891 Romanos

208 919 333 965 donis
363 923 407 964 et
436 919 696 965 carminibus
716 918 916 978 prosequi
943 917 1082 977 possit
1110 921 1253 977 poeta,
1283 918 1329 962 in
1348 921 1469 962 textu
1489 916 1740 974 reliquimus

207 989 385 1046 Σίμωνος
401 1002 573 1045 nomen,
581 990 671 1033 sive
687 1002 890 1045 graecum
908 988 998 1033 sive
1013 988 1257 1033 libertinum
1275 988 1395 1045 est.²)
1413 986 1656 1033 Redeamus
1674 987 1741 1030 in-

210 1065 331 1106 terea
350 1073 416 1115 eo,
445 1058 560 1104 unde
584 1057 767 1114 digressi
788 1072 947 1115 sumus,
970 1057 1026 1103 ad
1048 1062 1203 1117 poetae
1227 1062 1413 1103 aetatem
1436 1056 1740 1113 indagandam.

331 1127 423 1181 Quo
444 1140 571 1182 anno,
592 1127 708 1184 quali
737 1128 1058 1186 opportunitate
1088 1129 1226 1182 usus⁸)
1255 1127 1437 1172 Romam
1459 1127 1533 1171 ille
1563 1126 1740 1181 venerit,

211 1197 372 1255 liquido
404 1211 552 1242 eruere
588 1211 675 1242 non
704 1210 944 1255 possumus,
975 1211 1074 1243 cum
1110 1198 1423 1256 epigrammata
1458 1198 1556 1254 ipsa
1593 1210 1743 1241 ansam

213 1267 270 1313 ad
306 1267 418 1312 hanc
451 1281 542 1312 rem
581 1265 902 1312 diiudicandam
934 1281 1020 1312 non
1050 1266 1168 1312 dent.
1228 1267 1475 1312 Proximum
1506 1267 1635 1323 igitur
1665 1271 1743 1321 est,

211 1340 262 1382 ut
305 1337 457 1395 quibus
508 1337 714 1395 temporis
765 1336 927 1382 indicia
969 1338 1181 1395 impressa
1225 1341 1326 1382 sunt
1378 1337 1569 1381 carmina
1612 1336 1743 1379 inter-

210 1407 368 1466 pretati
403 1408 611 1452 terminos
648 1405 855 1463 quosdam
892 1406 1216 1463 constituamus,
1255 1407 1327 1464 qui
1362 1406 1484 1451 initio
1522 1408 1569 1450 et
1613 1405 1746 1449 exitui

211 1477 328 1521 vitae
343 1475 603 1532 Crinagorae
618 1476 795 1532 eiusque
809 1475 1066 1533 profectioni
1079 1477 1124 1521 in
1140 1475 1308 1521 Italiam
1324 1476 1509 1534 proximi
1528 1474 1746 1533 pangendi

211 1551 323 1592 sunt.
383 1544 574 1591 Primum
604 1545 684 1591 sub
714 1558 897 1591 examen
927 1559 1128 1592 vocemus

327 1707 421 1753 Hoc
450 1707 758 1766 epigrammate
788 1712 920 1766 poeta
946 1709 1124 1754 iuvenili
1144 1709 1344 1766 quodam,
1366 1715 1412 1753 ut
1434 1709 1537 1753 mihi
1565 1708 1744 1765 videtur,

212 1778 378 1823 fervore
407 1780 635 1836 provectus
665 1776 1037 1822 vehementissime
1066 1782 1225 1823 sortem
1257 1777 1465 1834 Corinthi,
1496 1778 1612 1823 urbis
1643 1778 1743 1822 olim

213 1848 491 1903 clarissimae,
513 1846 724 1905 deplorat,
751 1848 871 1892 cuius
891 1847 1029 1903 gloria
1058 1849 1357 1906 antiquissima
1376 1847 1503 1893 foede
1524 1849 1747 1905 inquinata

213 1922 327 1964 esset
338 1917 463 1963 turba
478 1916 719 1974 „venalium
736 1918 946 1975 nequam“
964 1931 1195 1975 servorum,
1212 1919 1283 1977 qui
1300 1932 1400 1965 ossa
1409 1917 1746 1963 Bacchiadarum

214 2001 328 2033 nunc
363 1987 541 2044 indigne
576 1984 832 2044 premerent.
893 1987 1002 2032 Mari
1038 2003 1135 2034 eam
1173 1990 1440 2034 submersam
1480 2003 1575 2034 esse
1613 1990 1746 2046 cupit,

213 2057 373 2115 Aegira
387 2056 444 2116 (Ρ)
460 2056 745 2115 humiliorem,
756 2055 1204 2118 desertioremLybica
1219 2072 1363 2105 arena.
1381 2084 1437 2091 -
1455 2058 1749 2116 Intellegenda

215 2129 415 2173 nimirum
452 2133 518 2173 est
552 2128 846 2173 libertinorum
886 2128 1056 2174 colonia
1091 2143 1118 2174 a
1147 2129 1262 2175 Julio
1294 2130 1481 2175 Caesare
1513 2144 1553 2174 a.
1586 2131 1672 2173 710
1703 2131 1747 2173 in

214 2197 421 2243 Isthmum
451 2196 648 2252 deducta,
680 2209 764 2254 qua
794 2196 1036 2254 Corinthus,
1068 2199 1105 2243 si
1135 2198 1263 2243 Dioni
1294 2199 1341 2255 (l.
1375 2200 1475 2243 43c.
1508 2199 1585 2256 50)
1618 2199 1747 2243 fidem

214 2268 501 2324 adiungimus,
521 2269 607 2309 τότε
623 2268 706 2323 ἅμα
721 2266 998 2324 ἀνεβιώσκοντο
1016 2269 1165 2326 (etiam
1187 2268 1459 2325 Carthaginis
1483 2270 1745 2313 mentionem

335 2464 360 2512 Ι)
386 2464 472 2502 Hoc
496 2464 648 2513 saepius
671 2474 745 2502 non
767 2464 874 2513 parvi
896 2473 980 2501 esse
1005 2465 1181 2501 momenti
1205 2464 1302 2502 infra
1327 2466 1534 2504 ostendam.

332 2522 364 2570 2)
387 2523 483 2561 Item
512 2535 587 2561 non
615 2523 727 2572 plane
758 2523 960 2561 abiecerim
988 2523 1155 2561 eiusdem
1183 2536 1218 2562 v.
1242 2524 1278 2561 d.
1312 2525 1358 2562 de
1390 2526 1565 2564 Evandro
1590 2525 1663 2574 (ep.
1689 2526 1750 2571 22)

218 2579 442 2630 opinionem.
496 2581 610 2619 Hunc
646 2581 744 2619 enim
783 2581 997 2620 metatorem
1035 2581 1260 2627 Evandrum,
1298 2583 1483 2631 captivum
1520 2583 1754 2620 Alexandria

218 2639 377 2677 Romam
401 2639 600 2678 deductum
624 2642 715 2688 (sec.
738 2640 872 2690 Porph.
898 2640 948 2678 ad
966 2640 1058 2679 Hor.
1074 2643 1146 2679 sat.
1170 2640 1190 2677 1
1213 2641 1320 2689 3,91),
1353 2653 1435 2679 esse
1467 2643 1616 2679 conicit.
1662 2642 1754 2679 Eius

217 2708 333 2734 verna
356 2697 515 2744 Hymnis
538 2698 721 2746 appellari
743 2701 783 2735 et
806 2698 1033 2746 Crinagorae
1055 2699 1215 2746 Hymnis
1239 2710 1323 2736 esse
1340 2699 1467 2747 potuit
1488 2701 1667 2747 profecto.

335 2754 365 2802 ⁸)
390 2754 622 2803 Quamquam
658 2756 706 2793 de
741 2755 813 2793 hac
855 2766 896 2793 re
931 2756 1198 2801 conicum-m,
1219 2757 1513 2805 qualemcunque
1548 2758 1755 2806 periclitari

217 2812 334 2852 licere
357 2813 684 2862 comprobabimus
706 2825 744 2862 p.
767 2815 816 2852 20
838 2825 894 2862 sq.
