2051 3140
863 188 1125 231 ..3-

226 317 303 364 ille
339 331 437 363 cum
465 331 586 364 ramo
624 316 699 375 (ὡς
728 316 770 362 δὲ
800 317 990 378 κόρυμβος
1017 317 1254 377 Κριναγόρας
1284 329 1344 362 sc.
1377 316 1511 376 πρέψει
1540 314 1762 373 στεφάνῳ),

229 402 314 447 qua
334 390 504 448 quidem
525 403 580 434 ex
599 390 787 446 imagine
809 389 913 433 nihil
942 388 1104 433 fructus
1134 388 1360 433 lucramur.
1423 385 1576 431 Utrum
1607 386 1760 430 aetatis

227 464 464 517 poetarum,
485 472 545 503 an'
562 459 825 513 auctoritatis
847 462 891 501 et
920 458 1141 514 gravitatis
1171 458 1217 501 in
1246 457 1466 515 prooemio
1497 456 1580 500 hoc
1612 455 1758 513 dispo-

227 528 370 573 nendo
399 529 508 579 ratio
537 528 691 584 {habita
726 529 795 582 sit,
832 526 1020 571 nondum
1060 527 1325 584 exploratum
1373 531 1451 582 est,
1499 538 1758 583 quamquam

226 610 296 642 res
327 597 574 654 quaestione
604 596 719 640 haud
747 595 926 652 indigna
955 596 1133 640 videtur.
1194 594 1396 640 Fortasse
1428 609 1482 640 ex
1512 608 1631 639 mero
1653 607 1758 639 casu

204 664 446 710 ‘nominum
476 666 581 710 ordo
613 665 840 722 dependet.
904 665 952 709 Id
982 679 1082 709 vero
1114 665 1302 709 notabile
1348 668 1429 719 est,
1475 665 1637 720 primus
1683 665 1755 719 qui

226 738 581 780 commemoratur
626 748 653 778 a
687 734 899 793 Philippo,
944 737 1117 792 poetam
1162 733 1437 790 Antipatrum
1483 732 1756 777 Thessaloni-

225 817 413 860 censem,
445 805 516 861 qui
547 804 783 861 compluria
804 804 995 848 carmina
1021 803 1069 846 L.
1093 801 1323 860 Calpurnio
1354 802 1513 857 Pisoni,
1544 802 1754 846 Thracum

224 874 388 930 victori,
426 873 611 930 dicabat,
648 887 736 919 non
779 874 825 917 in
860 873 1118 931 posteriores
1156 872 1280 917 huius
1316 872 1503 931 sylloges
1540 873 1754 931 epigram-

224 945 418 988 matistas
434 944 594 988 referri.
626 943 761 995 Quem
785 956 883 986 cum
908 942 1109 986 continuo
1134 941 1389 998 Crinagoras
1406 947 1620 999 sequatur,
1642 942 1756 986 hunc

224 1027 391 1071 quoque
419 1013 551 1071 priori
579 1012 754 1070 propius
786 1025 914 1069 quam
944 1012 1170 1069 posteriori
1201 1012 1383 1056 termino
1416 1010 1644 1056 admovere
1674 1026 1754 1057 nos

222 1095 351 1140 posse
397 1082 590 1126 arbitror.
651 1080 943 1125 Indubitatum
981 1095 1081 1125 vero
1120 1095 1174 1124 ex
1211 1082 1454 1125 testimonio
1487 1080 1677 1139 Philippi
1708 1081 1754 1125 id

221 1152 393 1208 ponitur
414 1150 693 1205 Grinagoram
714 1151 827 1194 intra
848 1150 1131 1194 centesimum
1154 1163 1193 1193 a.
1216 1164 1253 1193 a.
1278 1150 1375 1194 Chr.
1400 1153 1445 1194 et
1466 1151 1750 1195 centesimum

222 1232 260 1264 a.
292 1234 333 1278 p.
357 1219 454 1265 Chr.
485 1220 629 1265 fuisse.

336 1289 429 1334 Hoc
458 1291 662 1347 temporis
693 1290 867 1345 longum
898 1290 1083 1346 spatium
1115 1290 1341 1334 artioribus
1377 1289 1532 1334 finibus
1572 1291 1752 1334 circum·

220 1359 418 1404 scribitur
447 1359 542 1404 loco
575 1359 758 1416 quodam
793 1357 1031 1415 Strabonis,
1060 1373 1141 1415 quo
1173 1358 1228 1402 de
1256 1359 1492 1404 illustribus
1524 1359 1752 1417 Mytilenes

220 1429 319 1474 viris
351 1429 583 1474 disseritur.
646 1427 726 1481 Qui
756 1432 1034 1486 posteaquam
1067 1428 1121 1472 de
1143 1428 1321 1484 Pittaco,
1354 1429 1424 1486 qui
1451 1429 1751 1475 vetustioribus

219 1499 480 1555 temporibus
510 1499 556 1542 in
575 1498 717 1559 insula
735 1497 890 1552 floruit,
912 1499 1119 1552 narravit,
1150 1511 1260 1554 quae
1280 1498 1497 1542 narranda
1516 1503 1651 1555 putat,
1686 1500 1749 1544 sic

218 1568 358 1625 pergit
388 1567 433 1624 (l.
455 1566 555 1610 XIII
581 1581 624 1625 p.
647 1568 774 1624 617):
806 1567 963 1626 ὕστερον
983 1565 1017 1609 δ’
1036 1568 1184 1624 ἐγένετο
1204 1571 1354 1627 χρόνοις
1374 1569 1535 1616 πολλοῖς
1555 1570 1750 1628 Διοφάνης

219 1639 239 1681 ὁ
277 1641 422 1698 ῥήτωρ,
462 1636 556 1681 καθ’
574 1640 686 1696 ἡμᾶς
715 1637 757 1681 δὲ
785 1638 982 1696 Ποτάμων
1008 1640 1073 1682 καὶ
1093 1639 1326 1697 Λεσβοκλῆς
1357 1641 1421 1683 καὶ
1451 1641 1749 1701 Κριναγόρας

217 1711 281 1753 καὶ
326 1711 346 1753 ὁ
396 1709 634 1770 συγγραφέως
680 1710 896 1769 Θεοφάνης.
959 1709 1040 1754 Hic
1087 1710 1343 1766 Grinagoras
1389 1711 1613 1756 Reiskium
1650 1713 1679 1758 l.
1717 1713 1745 1757 l.

218 1782 346 1827 etiam
393 1782 644 1836 haesitasse,
690 1796 790 1826 num
837 1781 952 1825 idem
998 1786 1112 1826 esset
1157 1786 1285 1837 atque
1332 1783 1746 1839 epigrammatarius,

217 1851 305 1897 noli
352 1852 517 1905 mirari;
568 1864 668 1895 nam
718 1850 765 1894 id
820 1851 1123 1907 testimonium,
1182 1864 1263 1907 quo
1323 1852 1460 1896 omnis
1518 1851 1746 1898 haesitatio

216 1921 467 1977 extruditur,
517 1920 706 1965 nondum
758 1923 949 1965 noverat.
1017 1920 1108 1972 Quo
1158 1921 1296 1976 magis
1342 1922 1507 1965 mireris
1558 1921 1641 1967 hoc
1691 1923 1746 1967 ab

217 1989 382 2036 Geistio
427 1996 470 2036 et
513 1990 716 2035 Jacobsio
753 2004 808 2034 ne
845 1990 1023 2035 allatum
1061 1989 1233 2048 quidem
1272 2005 1383 2046 esse,
1429 2005 1526 2036 cum
1565 2005 1616 2037 eo
1654 1993 1745 2038 solo

216 2060 470 2105 Strabonem
493 2061 672 2104 innuere
693 2065 865 2118 poetam
897 2065 1013 2105 certo
1046 2061 1358 2118 comprobetur.
1404 2060 1580 2117 Legitur
1600 2066 1744 2106 autem

214 2130 258 2174 in
305 2132 509 2185 lemmate,
557 2129 670 2186 quod
715 2130 857 2174 scriba
891 2129 969 2186 A1)
1007 2130 1064 2174 ad
1096 2147 1157 2188 ep.
1192 2131 1220 2174 4
1249 2132 1464 2189 appinxit:
1511 2132 1744 2192 Κριναγόρου

214 2202 494 2258 Μυτιληναίους
526 2201 679 2245 ceteris
709 2200 825 2244 enim
854 2201 900 2244 in
929 2200 1146 2246 lemmatis
1167 2202 1362 2246 omnibus
1393 2203 1558 2259 patriae
1587 2209 1743 2261 poetae

214 2273 375 2317 mentio
401 2285 487 2316 non
514 2271 695 2315 inicitur.
737 2270 823 2314 Sed
851 2270 1079 2315 redeamus
1109 2271 1166 2315 ad
1188 2271 1409 2316 Strabonis
1431 2273 1572 2316 verba.
1620 2272 1744 2318 Unde

213 2342 371 2399 utique,
388 2340 503 2399 quod
519 2341 671 2386 statuit
691 2353 788 2385 cum
812 2339 1013 2385 Jacobsio
1032 2339 1232 2397 Geistius,
1250 2340 1543 2397 Crinagoram,
1568 2341 1743 2388 Strabo-

213 2412 279 2457 nis
310 2412 547 2470 aequalem,
579 2410 764 2468 Augusti
793 2414 934 2455 aetate
964 2411 1190 2469 scripsisse
1214 2412 1389 2456 minime
1418 2411 1608 2457 concedo
1630 2413 1743 2458 effici

212 2495 352 2540 posse.
413 2482 506 2528 Etsi
559 2480 786 2527 Lesbocles
831 2485 959 2538 atque
1003 2480 1213 2526 Potamon
1263 2481 1408 2527 rhetor
1451 2482 1647 2539 Augusto
1698 2488 1744 2529 et

212 2551 381 2597 Tiberio
411 2551 689 2608 regnantibus
719 2552 832 2596 vitae
852 2550 1000 2596 florem
1022 2552 1239 2597 consecuti
1266 2558 1377 2607 sunt,
1410 2551 1463 2596 de
1484 2551 1743 2610 Theophane

211 2635 354 2667 rerum
384 2623 567 2680 sriptore
593 2620 709 2667 idem
738 2622 920 2667 obtineri
950 2622 1109 2679 nequit.
1170 2621 1227 2666 Ut
1247 2622 1398 2667 Strabo
1429 2624 1523 2679 ipse
1550 2628 1742 2669 extremo

212 2692 354 2751 capite
372 2691 581 2750 prolixius
607 2690 740 2737 tradit
759 2695 886 2749 atque
907 2691 1015 2748 aliis,
1037 2705 1146 2749 quae
1167 2690 1320 2737 afferre
1350 2691 1419 2737 hic
1450 2691 1557 2737 nihil
1577 2693 1743 2750 attinet,

330 2843 358 2889 ¹)
383 2840 487 2880 Vide
512 2843 732 2891 apparatum
756 2832 935 2880 criticum.
1508 2900 1531 2921 ι

1488 2901 1505 2935 l
