2051 3140
822 155 1153 212 '—37-

253 305 400 342 monet
428 295 616 356 epitheto
636 299 887 354 σηματόεσσα
916 310 956 340 v.
989 298 1015 339 7
1046 294 1148 353 (quo
1168 298 1284 340 terra
1308 294 1612 351 naufragorum
1642 293 1786 351 sepul-

252 366 336 412 cris
380 366 575 425 impleta¹
603 366 774 424 dicitur)
815 381 902 413 non
939 365 1166 412 convenire
1210 365 1342 410 verba
1377 365 1463 423 δίης
1503 363 1636 421 βώλου
1667 377 1707 407 v.
1743 363 1784 406 5.

252 436 481 482 Praeterea
529 435 755 483 durissime
805 441 849 483 et
908 437 979 482 vix
1037 439 1153 481 recte
1213 435 1299 481 dici
1358 435 1557 482 Erotides
1617 433 1782 480 tumulo

251 510 399 551 terrae
412 505 623 551 fecundae
644 507 919 565 supposuisse
936 515 1131 565 puerum.
1183 505 1325 558 Quare
1356 507 1437 551 sibi
1468 505 1683 564 persuasit
1713 503 1783 547 hic

250 575 426 620 nomina
455 575 700 620 oblitterata
729 589 825 621 esse
855 575 1030 631 domini,
1062 576 1132 633 qui
1162 589 1342 633 puerum
1373 575 1670 633 sepeliendum
1706 587 1781 618 cu·

250 647 402 690 rasset.
462 642 519 689 Et
547 644 767 690 lenissime
796 658 843 690 se
881 645 1105 690 restituere
1144 644 1376 689 arbitratur
1427 645 1650 703 ὑπεθήκατο
1694 644 1781 688 Βώ-

249 717 335 768 λου,
368 714 447 760 sed
473 728 555 773 quo
584 715 758 760 nomine
787 714 901 761 filius
930 715 1024 760 Boli
1055 714 1195 760 dictus
1225 714 1366 770 fuerit,
1397 729 1443 760 se
1480 730 1535 760 ex
1572 717 1658 773 δίης
1693 729 1781 759 non

251 801 378 845 posse
408 786 577 831 elicere.
639 786 758 832 Haec
789 802 876 832 non
906 801 983 831 suo
1013 787 1105 830 iure
1136 788 1354 830 asseverat
1384 801 1423 829 v.
1446 786 1503 842 d.,
1536 800 1631 830 cum
1664 787 1782 830 insu-

248 856 317 902 lae
360 855 644 915 compellatae
689 857 810 915 quasi
848 856 1042 902 homines
1086 855 1209 913 ipsae
1252 868 1433 913 puerum
1479 855 1631 912 glebae
1676 868 1780 901 suae

249 927 498 986 (pronomen
527 940 656 982 aegre
686 941 791 972 sane
816 923 1138 981 desideramus)
1170 926 1446 983 supposuisse
1477 925 1563 970 dici
1599 927 1779 984 possint,

248 1001 295 1041 ut
323 997 367 1040 in
401 997 528 1042 titulo
559 998 783 1055 Mytilenis
808 999 982 1055 ,reperto
1013 996 1121 1051 (3-29
1152 994 1308 1052 Kaib.)‚
1339 995 1383 1038 in
1403 1009 1487 1053 quo
1509 1010 1593 1041 uno
1625 995 1777 1041 eadem

246 1066 413 1124 phrasis
448 1067 615 1123 legitur,
653 1066 707 1111 de
743 1065 878 1111 Balbo
914 1065 1087 1110 dicitur:
1136 1065 1220 1122 Τὴν
1267 1066 1363 1108 κύνα
1407 1065 1610 1123 Λεσβιακῇ
1656 1066 1777 1124 βώλῳ

248 1137 470 1196 ὑπεθήκατο
500 1137 668 1195 Βάλβος.
716 1136 862 1194 Itaque
892 1150 1031 1194 neque
1062 1137 1106 1180 in
1137 1136 1311 1181 nomine
1341 1135 1503 1181 domini
1535 1136 1776 1182 oblitterato

245 1207 429 1265 offendo,
451 1223 589 1266 neque
610 1209 654 1253 in
676 1208 862 1253 dictione
883 1207 1102 1264 singulari,
1134 1207 1211 1252 sed
1240 1208 1284 1251 in
1312 1206 1522 1253 adjectivo
1554 1208 1645 1253 solo
1676 1209 1774 1266 δίης,

245 1279 365 1325 cuius
415 1279 512 1325 loco
564 1278 681 1324 aliud
733 1283 1033 1337 exspectamus
1084 1279 1361 1337 anapaestica
1403 1292 1606 1323 mensura
1649 1293 1774 1337 prae-

244 1348 379 1393 ditum
411 1354 455 1393 et
491 1348 726 1393 offensione
763 1362 914 1393 sensus
951 1361 1146 1393 vacuum.
1210 1347 1289 1392 Cui
1326 1348 1541 1393 desiderio
1577 1348 1772 1393 Herwer-

243 1416 344 1461 deni
384 1432 420 1461 v.
458 1417 499 1462 d.
538 1418 785 1463 coniectura
822 1416 999 1474 (Mnem.
1032 1414 1299 1473 v01.xlv,4)
1336 1421 1425 1461 tam
1462 1417 1648 1473 egregie,
1685 1423 1774 1462 tam

242 1487 491 1545 simpliciter
522 1488 730 1543 subvenit,
762 1491 811 1531 ut
841 1484 947 1530 nihil
978 1499 1108 1544 supra
1137 1486 1291 1544 possit3
1338 1486 1412 1531 ille
1443 1487 1558 1531 enim
1589 1503 1599 1529 ι
1629 1487 1773 1532 littera

237 1561 338 1615 post
366 1574 400 1600 ω
431 1558 684 1614 geminata¹)
716 1556 880 1602 scribit:
912 1556 1014 1599 παιδὶ
1042 1560 1128 1616 γάρ,
1168 1557 1210 1599 ὃν
1246 1556 1380 1616 τύμβῳ
1411 1557 1509 1615 ἰδίης
1547 1557 1769 1616 ὑπεθήκατο

237 1629 381 1686 βώλου.
428 1628 736 1684 „Perfrequens
758 1631 825 1671 est
840 1627 956 1684 apud
975 1627 1192 1684 sequiores
1208 1630 1460 1685 praesertim
1477 1629 1546 1673 hic
1564 1629 1649 1674 adi.
1678 1631 1771 1678 ἴδιος

238 1713 355 1755 usus,
384 1703 432 1744 ut
460 1702 643 1757 ponatur
673 1711 749 1756 pro
770 1698 1022 1755 pronomine
1042 1699 1296 1756 possessivo.
1360 1698 1599 1745 Sententia:
1632 1700 1770 1746 Puero

237 1770 354 1812 enim
385 1783 511 1825 quem
541 1782 617 1816 vos
647 1769 846 1824 propriae
867 1767 1078 1823 (vestrae)
1109 1769 1260 1822 glebae
1281 1770 1443 1814 tumulo
1472 1772 1770 1827 supposuistis,

236 1851 394 1883 nomen
424 1841 552 1896 atque
582 1836 775 1883 formam·
794 1836 889 1895 ipse
919 1834 1039 1882 dedit
1067 1836 1242 1882 Amor.“

234 2059 398 2093 vocatur.
447 2055 544 2092 Nam
568 2066 696 2092 revera
718 2056 787 2091 has
813 2055 923 2091 maris
950 2056 1047 2091 Ionii
1071 2055 1212 2092 insulas
1236 2057 1393 2093 infames
1424 2058 1540 2095 fuisse
1565 2060 1769 2107 naufragiis

234 2117 390 2164 apparet
413 2126 461 2152 ex
483 2113 683 2162 Antipatri
712 2112 837 2151 ΤΙιεεε.
863 2125 921 2162 ep.
945 2113 1023 2151 VII
1048 2114 1134 2153 639:
1169 2114 1203 2151 τί
1227 2114 1415 2157 Κυκλάδας
1449 2115 1472 2161 ἢ
1507 2117 1634 2154 στενόν
1650 2117 1771 2164 Ἕλλης

232 2175 334 2221 κῦμα
356 2172 419 2208 καὶ
446 2169 575 2213 ὀξείας
604 2168 691 2214 ἧλεᾶ
713 2171 966 2219 μεμφόμεθα;
1003 2173 1135 2219 Itaque
1158 2174 1255 2209 hanc
1279 2175 1531 2211 coniecturam
1556 2178 1768 2222 speciosam

234 2233 273 2268 et
296 2230 525 2277 ingeniosam
549 2228 648 2266 haud
672 2231 893 2266 cunctanter
916 2230 954 2266 in
978 2232 1084 2266 textu
1107 2241 1336 2278 reponerem,
1361 2231 1433 2268 nisi
1457 2233 1608 2270 obstare
1624 2234 1767 2271 videre-

231 2292 293 2325 tur
315 2288 454 2326 Strabo
478 2288 515 2335 [l.
540 2288 573 2323 8.
591 2299 627 2335 p.
645 2289 710 2324 351
734 2288 780 2323 ad
805 2288 911 2331 0398
942 2286 1054 2324 ἔνθεν
1076 2284 1162 2324 cra&
1187 2289 1347 2332 νήσοισιν
1366 2289 1585 2337 ἐπιπροέηκε
1620 2295 1769 2339 θοῇσιν]

233 2345 327 2388 Θοᾶς
350 2344 393 2382 δὲ
421 2346 543 2393 εἴρηκε
572 2344 633 2385 τάς
653 2341 792 2389 Ὄξείας,
815 2345 889 2380 ταῖν
909 2341 1115 2393 Ἐχινάδων
1139 2345 1172 2381 δ’
1185 2344 1281 2382 εἰσὶν
1312 2341 1420 2384 αὗται
1448 2349 1520 2387 κτλ.
1551 2352 1590 2385 et
1614 2350 1638 2387 l.
1667 2352 1720 2388 10.
1735 2363 1772 2399 p.

231 2406 320 2443 459:
349 2403 413 2440 καὶ
443 2404 485 2439 αἱ
508 2400 634 2446 ὀξεῖαι
661 2402 882 2449 καλούμεναι
913 2401 957 2443 ἃς
982 2402 1002 2439 ὅ
1026 2404 1170 2447 nomm}
1200 2404 1293 2445 Θοιὶς
1323 2402 1416 2443 εἷπε.
1465 2408 1557 2444 Cum
1588 2408 1669 2444 fieri
1698 2419 1771 2445 non

230 2462 363 2510 possit,
393 2464 445 2507 ut,
477 2461 510 2497 si
540 2460 817 2503 modoginsulae
847 2461 921 2496 iam
953 2463 1207 2509 permutarent
1236 2473 1383 2510 nomen,
1413 2464 1467 2500 sic
1491 2464 1621 2501 luserit
1645 2469 1770 2513 poeta,

244 2520 412 2568 Menippi
443 2520 595 2564 amicus,
627 2522 692 2556 aut
721 2530 789 2556 suo
819 2519 941 2555 Marte
968 2519 1123 2556 Homeri
1154 2531 1298 2557 versum
1330 2522 1385 2557 ita
1416 2522 1678 2569 interpretatus
1714 2527 1772 2560 est

229 2578 369 2615 Strabo
401 2580 466 2614 aut
494 2580 650 2624 utroque
674 2577 758 2613 loco
782 2576 954 2623 adiectivi
976 2577 1095 2614 vicem
1119 2578 1220 2615 idem
1244 2580 1410 2616 obtinere
1434 2579 1604 2616 voluerat
1628 2591 1702 2617 non
1728 2593 1765 2618 n.

228 2647 296 2683 pr„
321 2637 387 2672 aut
409 2646 493 2672 eum
516 2630 699 2672 Jacobsio
723 2635 883 2672 scribere
907 2634 1070 2683 oportet:
1095 2634 1264 2675 ἐσσεῖται.
1307 2638 1604 2675 Controversiam
1627 2639 1765 2676 transi-

229 2697 319 2741 gant
354 2693 605 2741 geographiae
642 2693 828 2740 antiquae·
851 2693 1061 2740 peritiores,
1095 2704 1162 2730 nos
1193 2695 1335 2731 interea
1360 2695 1577 2732 inclinamus
1604 2697 1765 2742 maxime

227 2752 276 2790 ad
299 2750 668 2800 sententiam-medio
690 2750 774 2789 loco
795 2750 1025 2800 propositam
1047 2752 1096 2798 (v.
1120 2753 1275 2801 notam).-

346 2809 372 2856 ¹)
397 2807 530 2848 Scriba
554 2809 665 2846 etiam
690 2809 852 2862 primum·
874 2822 887 2850 ι
910 2810 1046 2854 omisit.
