1964 3053
798 145 1085 186 -10-

169 282 347 327 operam
379 270 566 325 dedisse,
589 270 666 315 sed
697 283 796 314 eum
827 271 1057 327 diligenter
1086 270 1335 317 adhibuisse
1363 272 1506 317 itineri
1538 271 1708 317 videtur

168 342 313 396 poeta.
339 339 432 385 Hoc
447 340 698 395 intelligitur
715 355 771 385 ex
787 355 853 399 ep.
865 341 936 397 42,
953 340 1026 385 ubi
1035 340 1197 399 Sybota
1212 341 1398 387 insulam
1406 341 1436 398 ¹)
1450 344 1707 401 qeoyrapkoe

169 412 473 469 περιγράψαντας
518 413 682 467 septem
723 410 873 454 stadiis
911 410 1054 454 metiri
1092 423 1220 468 posse
1256 410 1454 469 perhibet
1489 415 1616 468 atque
1652 410 1708 455 de

170 479 389 524 fertilitate
419 478 587 524 insulae
615 485 660 524 et
688 481 881 538 portibus
912 481 1119 526 nonnulla
1149 481 1301 526 eodem
1333 495 1388 526 ex
1416 482 1535 527 fonte
1555 481 1708 526 hausta
1782 491 1803 508 ⁶

170 548 343 606 profert.
368 548 491 592 Hanc
509 562 609 594 vero
627 550 812 595 insulam
825 549 1046 609 Corcyrae,
1056 563 1182 608 quam
1198 551 1354 610 ipsein
1369 552 1502 609 ep.43
1518 564 1707 597 comme-

170 623 309 663 morat
329 623 376 662 ut
394 618 561 663 itineris
582 620 826 675 stationem,
847 620 1032 664 vicinam
1055 633 1153 675 eum
1174 620 1441 679 praetervehi
1469 620 1707 678 oportebat,

171 688 242 745 qui
273 701 328 732 ex
360 686 546 733 Graecia
576 689 620 733 in
651 688 821 734 Italiam
851 688 1074 746 tendebat3
1105 704 1245 748 neque
1281 690 1366 736 alio
1402 689 1532 736 modo
1563 690 1709 749 priora

170 759 254 802 duo
300 758 432 802 verba
482 761 602 815 νῆσον
646 763 719 817 τήν
764 760 854 815 (die
890 761 1008 805 [περὶ
1053 760 1164 817 hier)
1210 764 1257 805 et
1299 766 1536 810 extremum
1580 759 1708 817 primi

169 842 316 873 versus
392 830 541 887 ἔχουσιν
608 830 870 889 (ver-moyen)
937 830 1187 886 intellegere
1257 831 1477 887 quisquam
1538 831 1707 888 poterit.

168 899 379 957 Prospere
415 901 717 956 migrationem
753 902 1016 958 processisse
1055 916 1109 946 ex
1153 915 1221 960 ep.
1267 902 1324 945 46
1369 901 1586 957 discimus,
1624 914 1706 957 quo

167 974 299 1027 poeta
345 968 533 1029 Neptuni
578 970 770 1016 favorem
807 976 1024 1030 expertus,
1061 975 1111 1017 ut
1147 971 1243 1017 aliis
1281 984 1446 1029 quoque
1491 971 1708 1030 Aeyaeum

168 1052 289 1083 mare
335 1041 638 1085 emetientibus
683 1041 842 1096 faveat,
890 1046 989 1086 vota
1033 1041 1190 1098 facit.²)
1250 1041 1441 1086 Maximo
1485 1041 1614 1096 igitur
1650 1038 1708 1084 ad

168 1108 361 1168 Menippi
408 1114 595 1155 aetatem
641 1109 1014 1155 determinandam
1062 1115 1279 1155 momento
1328 1111 1453 1166 foret,
1492 1111 1529 1155 si
1560 1123 1709 1154 eruere

168 1179 329 1233 liceret,
362 1193 445 1235 quo
476 1191 590 1223 anno
612 1179 871 1235 Crinagoras
901 1179 1121 1238 Mytilenis
1152 1181 1196 1224 in
1227 1179 1398 1225 Italiam
1430 1179 1705 1235 demigraret.

168 1246 217 1291 Id
255 1247 527 1304 aliquatenus
558 1273 614 1280 —
645 1262 747 1293 nam
783 1254 831 1292 ut
867 1262 999 1306 supra
1035 1248 1198 1293 dictum
1236 1253 1315 1303 est,
1346 1247 1509 1306 liquido
1546 1261 1706 1292 annum

168 1331 296 1362 nemo
329 1317 530 1375 dispiciet
550 1343 605 1350 —
624 1319 843 1374 continget
863 1319 1029 1363 ratione
1060 1324 1103 1363 et
1133 1319 1203 1363 via
1233 1318 1458 1376 explicatis
1489 1318 1566 1374 eis,
1597 1331 1707 1374 quae

168 1387 256 1430 iam
290 1399 497 1431 censurae
527 1387 801 1443 subiciemus,
832 1388 1172 1445 epigrammatis:

849 1475 912 1517 ep.
944 1458 1021 1503 23.

288 1527 465 1585 Spectat
517 1540 693 1571 carmen
746 1527 804 1571 ad
847 1529 1156 1572 Philostratum
1208 1527 1530 1583 Academicum,
1581 1526 1707 1572 Cleo-

169 1601 323 1655 patrae
340 1598 743 1656 συμφιλοσοφήσαντα
759 1598 844 1653 (sic
853 1597 1168 1655 Philostratus),
1190 1612 1314 1655 quem
1332 1606 1612 1656 posteaquam
1629 1611 1708 1656 per

170 1668 311 1723 regios
350 1668 540 1713 fautores
580 1667 742 1713 ditatus
785 1671 914 1723 esset,
956 1667 1044 1712 iam
1090 1668 1206 1712 omni
1252 1667 1411 1713 auxilio
1458 1666 1706 1713 destitutum

170 1738 214 1779 in
246 1737 404 1781 misero
437 1737 623 1793 quodam
655 1742 698 1781 et
728 1737 899 1781 deserto
921 1737 1106 1795 Aegypti
1137 1738 1245 1792 vico,
1268 1736 1507 1797 Ὀστρακίνῃ
1529 1737 1706 1792 scilicet,

170 1809 337 1868 σταθμῷ
369 1810 533 1869 ἀνύδρῳ,
572 1809 788 1867 sepultum
818 1808 870 1852 iri
902 1813 1031 1866 poeta
1061 1808 1328 1853 vaticinatur.
1392 1807 1623 1867 Complura
1652 1807 1707 1853 de

172 1880 253 1924 hoc
284 1881 539 1938 philosopho
570 1894 626 1925 ex
655 1879 876 1925 Plutarchi
905 1880 1008 1924 Ant.
1042 1893 1077 1925 c.
1112 1880 1169 1923 80
1200 1880 1273 1935 (cf.
1302 1880 1394 1924 Cat.
1427 1894 1464 1924 c.
1496 1882 1566 1935 57,
1597 1879 1707 1924 Phil.

169 1949 278 1994 Vitt.
334 1950 464 2007 Soph.
512 1949 632 2006 6‚19)
684 1950 991 2008 comperimus3
1047 1949 1151 1994 Ario
1200 1949 1497 1994 intercedente
1548 1950 1709 1995 Caesar

169 2020 208 2063 ei
255 2021 464 2078 pepercit.
546 2020 636 2065 Hoc
682 2033 849 2077 quoque
894 2022 1062 2077 poema,
1108 2023 1157 2063 ut
1201 2018 1256 2064 de
1304 2019 1548 2064 Philostrati
1594 2024 1708 2065 sorte

172 2089 327 2146 [morte
339 2089 378 2146 Ρ]
429 2090 604 2134 nuntius
649 2089 805 2134 allatus
844 2094 922 2145 est,
961 2102 1044 2146 quo
1087 2088 1291 2134 videlicet
1329 2089 1587 2145 Crinagoras
1634 2102 1707 2133 ve-

167 2159 393 2204 hementer
438 2159 777 2215 concutiebatur,
828 2159 1118 2217 conscriptum
1156 2164 1221 2204 est
1257 2173 1354 2205 meo
1391 2159 1565 2215 iudicio,
1608 2159 1636 2203 i.
1669 2172 1706 2204 e.

169 2243 233 2274 ca.
268 2231 366 2274 724.
430 2228 541 2274 Num
598 2234 689 2274 tum
743 2229 952 2288 temporis
988 2230 1073 2274 iam
1124 2228 1286 2274 Romae
1338 2234 1468 2288 poeta
1518 2233 1708 2274 moratus

288 2385 314 2430 ¹)
339 2385 403 2421 Ad
432 2385 612 2432 „Sybota‘
641 2386 664 2423 i.
681 2396 713 2422 e.
730 2385 830 2432 quod
855 2396 924 2421 nos
946 2395 1121 2421 vocamus
1144 2383 1349 2428 Sauweide,
1365 2384 1438 2421 hoc
1462 2395 1520 2432 ep.
1537 2385 1708 2431 spectare

167 2442 345 2479 Reiskius
362 2443 536 2491 speciosa
554 2445 593 2480 et
607 2443 806 2489 ingeniosa
829 2443 1047 2480 coniectura
1062 2444 1258 2480 assecutus
1276 2444 1345 2486 est,
1362 2453 1472 2490 qnam
1489 2442 1517 2479 J
1518 2441 1707 2479 acobsium

168 2502 304 2537 frustra
338 2501 478 2537 diluere
510 2504 682 2539 conatum
714 2512 798 2537 esse
832 2501 1001 2538 Geistius
1030 2501 1204 2549 probavit
1234 2500 1353 2538 Thac.
1401 2500 1433 2545 1,
1457 2500 1521 2545 54;
1554 2499 1634 2537 Cic.
1659 2499 1708 2536 ad

168 2561 253 2596 Att.
281 2560 331 2604 V,
346 2560 367 2596 9
393 2559 595 2596 adhibitis..

284 2618 313 2662 2)
338 2618 464 2654 Etiam
490 2617 646 2654 metrica
669 2618 974 2665 epigrammatum
998 2617 1143 2653 ratione
1167 2616 1271 2653 illam
1297 2616 1521 2653 sententiam
1545 2616 1707 2653 maxime

168 2676 419 2714 commendari
444 2676 781 2713 demonstrabimus
805 2675 903 2713 infra
926 2687 963 2723 p.
987 2675 1120 2720 38,41¹‚
1144 2676 1202 2713 42.
1252 2675 1427 2713 Ceterum
1459 2674 1508 2711 ad
1538 2671 1710 2723 Menippi

167 2735 357 2771 amicitiae
382 2734 598 2770 memoriam
628 2734 796 2770 excitant
825 2745 893 2770 nos
924 2732 1103 2770 nonnulla
1126 2733 1376 2780 geographica
1405 2732 1557 2769 nomina
1580 2732 1709 2778 exqui-

167 2793 299 2830 sitiora
322 2792 368 2830 cf.
393 2803 477 2840 epp.
501 2792 560 2837 34,
584 2792 630 2829 36
655 2791 725 2839 (39,
751 2792 867 2838 28‚31‚
894 2791 972 2839 182)
