2051 3140
872 152 1161 195 -13-

253 277 540 339 Mytilenaeas
570 293 827 339 quamquam
855 284 902 325 et
930 278 1104 326 domum
1135 279 1223 338 (ep.
1243 277 1321 336 44)
1341 281 1386 324 et
1405 290 1577 324 servum
1597 276 1688 335 (ep.
1711 275 1784 335 14)

253 348 517 409 possidebat,
547 352 641 409 ipse
669 364 719 397 se
747 350 965 403 hominem
996 354 1147 397 curtae
1176 361 1405 395 crumenae
1437 361 1534 393 esse
1563 351 1607 392 et
1626 346 1787 391 frustra

253 421 500 468 divitiarum
521 422 689 467 somnia
708 421 929 467 effinxisse
947 421 1168 479 profitetur
1196 434 1265 478 ep.
1296 422 1367 464 27.
1429 418 1539 464 Cum
1559 422 1787 476 praeterea

252 505 309 537 ex
358 491 596 537 carminum
647 491 745 536 stilo
803 495 847 535 et
897 490 1141 536 elocutione
1185 489 1436 547 planissime
1486 487 1694 549 eluceat¹)
1739 487 1784 530 in

252 560 536 617 grammatica
563 559 708 609 studia
727 558 1006 616 Crinagoram
1031 559 1292 616 incubuisse,
1319 572 1407 604 non
1426 571 1591 603 meram
1612 558 1784 603 coniec-

252 629 434 687 turam²)
470 628 698 675 excudisse
734 629 858 674 nobis
888 629 1095 686 videmur,
1138 643 1236 674 cum
1281 642 1379 673 eum
1415 628 1710 685 grammaticis
1740 631 1784 670 et

253 699 606 760 praeceptoribus
626 699 952 758 ascriberemus,
968 701 1148 759 quorum
1167 712 1427 759 permagnus
1447 702 1563 744 certe
1581 710 1784 743 numerus

254 769 417 814 Romae
452 769 534 829 fuit
566 769 760 826 Augusto
796 777 1017 826 regnante.
1075 769 1145 813 Ex
1179 769 1440 813 carminibus
1479 773 1638 823 autem,
1667 767 1783 811 unde

251 838 432 897 profecti
468 853 631 895 sumus,
670 839 800 886 simul
843 839 1068 895 collegeris
1118 852 1217 883 eum
1269 838 1338 883 vel
1383 836 1581 884 Octaviae
1631 837 1784 884 liberos

253 907 422 954 Graeca
449 908 597 966 lingua
625 912 752 966 atque
774 907 952 953 Graecis
980 907 1259 966 scriptoribus
1280 906 1612 965 interpretandis
1638 907 1783 952 erudi-

251 979 378 1024 visse.
422 977 547 1031 Quod
576 978 704 1024 certis
733 977 996 1033 argumentis
1016 982 1064 1023 ut
1082 976 1410 1033 demonstretur,
1430 991 1557 1023 nemo
1578 976 1783 1036 postulet,

250 1048 383 1093 immo
413 1047 451 1093 si
480 1047 575 1105 quis
605 1046 687 1093 hoc
716 1048 780 1092 ita
808 1060 906 1093 esse
934 1048 1119 1105 neget⁸),
1150 1061 1232 1106 quo
1262 1048 1303 1092 ei
1339 1046 1639 1106 persuadeam,
1676 1046 1785 1091 nibil

252 1118 403 1163 habeo.
466 1117 733 1175 Quamquam
779 1117 970 1176 opinioni
1016 1117 1077 1163 illi
1124 1117 1349 1174 suffragari
1395 1118 1531 1175 quivis
1576 1115 1786 1163 concedet

255 1190 403 1234 cetera
431 1187 637 1244 carmina,
668 1199 778 1245 quae
808 1186 865 1232 ad
886 1186 1091 1233 Octaviae
1111 1187 1318 1232 familiam
1341 1191 1550 1246 spectant.
1595 1186 1785 1240 Quorum

251 1259 436 1316 primum
466 1257 808 1315 contemplemur

851 1369 855 1372 Α
954 1343 1019 1386 ep.
1050 1325 1081 1371 8

250 1398 343 1442 iure
373 1396 554 1442 relatum
591 1396 650 1441 ad
679 1396 931 1451 Antoniam,
968 1398 1159 1456 corporis
1195 1397 1333 1441 forma
1368 1401 1416 1443 et
1448 1396 1594 1441 indole
1628 1398 1784 1441 mentis

250 1467 412 1527 pariter
427 1465 767 1523 excellentem,⁴)
775 1468 847 1525 τὴν
863 1468 1099 1529 σωφροσύνῃ
1115 1467 1179 1511 καὶ
1194 1467 1333 1511 κάλλει
1347 1467 1784 1529 περιβόητονἈντωνίαν

252 1537 381 1594 (Plut.
404 1537 506 1582 Ant.
529 1550 565 1582 c.
598 1538 669 1593 87,
701 1537 754 1582 cf.
777 1538 891 1583 Crin.
913 1552 983 1598 ep.
1005 1539 1137 1595 29,4).
1175 1538 1382 1584 Lucinam
1411 1544 1542 1598 poeta
1570 1543 1784 1597 precatur,

251 1612 298 1653 ut
326 1607 453 1653 mites
484 1606 654 1652 dolores
674 1612 849 1664 annuat,
872 1622 977 1666 quos
991 1609 1181 1654 Antonia
1195 1610 1423 1668 puerperio
1438 1622 1697 1667 perpessura
1715 1608 1782 1653 sit.

251 1677 382 1723 Cuius
403 1676 580 1722 infantis
602 1678 877 1735 puerperium
897 1678 1225 1735 intelligendum
1245 1679 1314 1735 sit,
1344 1683 1545 1737 poemate
1573 1679 1667 1736 ipso
1697 1691 1785 1723 non

250 1747 525 1805 significatur,
558 1746 636 1792 sed
666 1761 764 1793 curn
794 1752 966 1807 praeter
983 1748 1173 1796 Drusum
1195 1749 1341 1808 (πόσις)
1372 1755 1415 1795 et
1434 1749 1600 1796 Liviam
1622 1748 1762 1809 (ἑκυρή

250 1818 381 1864 etiam
421 1815 601 1863 Octavia
636 1816 806 1879 (μήτηρ)
842 1819 1099 1877 nominetur,
1144 1824 1245 1866 ante
1292 1820 1417 1866 huius
1463 1823 1646 1865 mortem
1691 1821 1784 1879 epi-

250 1901 445 1944 gramma
486 1888 648 1934 editum
685 1895 751 1934 est
779 1889 837 1944 (a.
870 1890 987 1947 743).
1020 1916 1075 1923 --
1105 1890 1176 1936 Ad
1208 1891 1489 1950 Cleopatram,
1519 1891 1696 1936 Antonii
1729 1905 1785 1937 ex

251 1957 481 2018 Cleopatra
509 1957 657 2016 filiam,
688 1960 808 2005 cuius
838 1960 1017 2006 tutelam
1046 1959 1236 2007 Antonio
1268 1965 1312 2007 et
1341 1960 1570 2021 Cleopatra
1605 1961 1784 2006 mortuis

251 2028 432 2074 Octavia
466 2029 584 2085 item,
622 2035 668 2074 ut
706 2034 947 2075 ceterorum
984 2031 1216 2076 liberorum
1252 2037 1483 2090 acceperat
1518 2032 1649 2087 (Plut.
1679 2030 1782 2077 Ant.

250 2112 287 2144 c.
305 2099 400 2156 87),
421 2112 547 2156 quam
569 2099 665 2157 ipsa
694 2098 894 2146 educavit
921 2098 1037 2146 filiae
1065 2100 1175 2157 loco,
1196 2102 1383 2159 pertinet
1400 2115 1469 2160 ep.
1490 2102 1561 2147 28.
1582 2101 1783 2148 Reiskius

250 2167 307 2213 ad
337 2167 572 2214 Berenices
602 2181 700 2214 cum
730 2168 977 2216 Ptolemaeo
1008 2171 1183 2230 nuptias
1212 2171 1369 2230 respici
1399 2171 1631 2217 arbitratus
1652 2171 1782 2217 Galli-

369 2286 395 2332 ¹)
420 2286 523 2324 Vide
547 2286 748 2334 insequens
772 2289 898 2336 capnt.

366 2344 396 2391 ²)
421 2344 525 2391 Quae
555 2345 788 2383 confirmatur
822 2345 993 2395 exemplo
1030 2346 1228 2394 Antipatri
1262 2346 1399 2391 Thess„
1436 2346 1605 2394 aequalis
1636 2350 1782 2396 poetae,

250 2402 382 2440 eadem
406 2403 625 2442 conditione
649 2403 750 2441 vitae
774 2404 843 2449 usi,
868 2404 932 2451 qui
954 2415 997 2441 se
1021 2404 1103 2442 ludi
1123 2404 1347 2453 magistrum
1370 2416 1453 2442 esse
1477 2406 1558 2453 ipse
1572 2397 1710 2443 ‘auctor
1724 2410 1783 2443 est

249 2462 299 2500 A.
323 2462 369 2500 P.
393 2462 433 2499 V
456 2463 496 2500 3:
520 2461 573 2504 εἰς
595 2462 747 2504 πολλοῦς
769 2458 911 2506 ἧϊθὲων
934 2459 1077 2511 ὀάρους.

366 2518 401 2564 ³)
425 2520 604 2557 Fortasse
628 2523 782 2569 propter
805 2521 930 2557 Sti-ab.
956 2521 981 2558 l.
1005 2520 1105 2559 XIV
1128 2534 1163 2569 p.
1190 2523 1276 2558 675:
1300 2520 1358 2565 (ἐκ
1377 2521 1527 2569 Τάρσου)
1548 2518 1782 2568 ’Λκαδημικός

249 2574 292 2614 δὲ
314 2574 463 2627 Νέστωρ
487 2576 507 2615 ὃ
529 2574 616 2615 καθ’
632 2576 738 2627 ἡμᾶς,
756 2577 776 2615 ὅ
790 2576 1004 2628 Μαρκέλλου
1019 2580 1335 2629 καθηγησάμενος,
1350 2581 1413 2617 w&
1423 2577 1623 2621 Ὀκταουίας
1639 2579 1781 2622 παιδός.

249 2634 325 2673 Sed
349 2635 446 2674 alter
468 2638 709 2685 grammatice
733 2637 952 2677 Marcellum
975 2638 1170 2677 instituere
1192 2640 1324 2689 potuit,
1349 2639 1583 2688 philosophia
1606 2639 1712 2678 alter.

365 2694 394 2743 ⁴)
419 2696 590 2735 consulto
613 2707 687 2735 non
712 2697 794 2735 dieo
820 2698 944 2745 animi,
968 2709 1054 2736 nam
1082 2699 1122 2736 in
1147 2699 1342 2737 Claudium
1366 2699 1480 2736 filium
1509 2709 1652 2736 morum
1676 2711 1782 2749 prae·

249 2755 395 2793 ferebat
415 2753 687 2794 immanitatem
710 2759 830 2798 matre
852 2767 1004 2805 prorsus
1028 2756 1219 2805 indignam
1243 2757 1360 2806 (Suet.
1386 2757 1441 2795 01.
1467 2769 1500 2795 e.
1525 2757 1574 2804 3).
1610 2758 1674 2795 Ad
1695 2770 1781 2796 ean-

251 2813 336 2851 dem
358 2814 552 2851 revocatur
575 2823 632 2860 ep.
659 2814 702 2850 12
728 2812 788 2861 (cf.
813 2825 849 2864 p.
871 2813 945 2863 45).
