2051 3140
886 136 1146 194 ..9-

368 275 504 323 Huius
551 277 757 324 nonnulla
804 278 987 334 vestigia
1033 278 1186 324 relicta
1235 281 1347 324 sunt.
1360 277 1394 334 ¹)
1470 275 1620 334 Neque
1670 275 1785 320 enim

255 359 458 410 umquam
487 346 601 392 mihi*
621 346 889 406 persuadebo
918 350 1272 408 renaviqatmum
1301 361 1357 392 ex
1373 347 1519 392 Lesbo
1548 346 1596 390 in
1614 344 1785 390 Italiam

253 420 426 474 poetam
456 429 631 463 carmen
659 418 717 461 43
746 417 968 476 panxisse,
1000 421 1232 476 postquam
1263 415 1528 474 aliquamdiu
1563 416 1609 459 in
1646 414 1786 472 patria

180 511 198 529 2.
252 488 448 535 versatus
479 488 606 533 esset.
666 484 802 533 Immo
837 498 925 533 non
961 485 1090 533 modo
1127 486 1359 534 verisimile
1396 491 1475 545 est,
1507 484 1586 533 sed
1622 484 1785 544 optime

253 569 354 600 cum
382 556 580 601 universo
611 558 932 614 epigrammatis
961 561 1111 602 tenore
1141 562 1479 602 consentaneum
1502 549 1784 611 Grinagoram

167 641 175 646 ·
252 622 364 672 hanc
390 627 578 685 primam
606 625 923 689 navigationem
951 632 1176 686 parantem
1215 641 1243 673 a
1272 626 1475 686 Menippo
1514 626 1783 684 Pergameno

252 695 427 752 petisse,
457 700 505 740 ut
539 694 831 755 descriptione
866 696 1030 742 itineris
1067 697 1201 742 missa
1233 696 1346 752 „dux
1385 697 1466 741 sibi
1496 696 1666 752 fieret“,
1697 695 1781 740 nisi

250 762 359 809 forte
394 764 487 821 quis
524 763 617 811 fleri
641 766 841 824 ¹potuisse
875 770 1021 825 negat,
1058 771 1105 811 ut
1140 765 1401 823 Grinagorae
1431 766 1560 810 amici
1591 766 1780 825 (ἕταιροι),

249 832 333 890 ipsi
364 829 531 892 quoque
556 834 818 894 Mytilenaei,
846 836 1011 881 Romae
1038 836 1127 880 iam
1157 839 1258 880 ante
1286 841 1443 894 poetae
1471 835 1780 893 profectionem

249 909 528 952 morarentur.
573 904 737 952 Horum
767 911 912 952 autem
932 904 1146 951 desiderio
1170 911 1407 967 commotus
1438 920 1535 952 cum
1562 906 1642 965 ἤδη
1662 906 1780 967 δηρὸν

247 978 385 1036 χρόνον
404 976 461 1021 ab
481 978 545 1021 eis
565 978 750 1032 abesset,
770 978 866 1036 ipse
881 977 1063 1022 Romam
1085 976 1308 1033 demigrat.
1330 977 1480 1034 Neque
1506 978 1614 1023 dicis
1635 991 1780 1034 causa,

248 1052 297 1092 ut
325 1048 446 1105 quasi
475 1047 710 1108 geographi
740 1049 914 1095 auribus
944 1047 1107 1107 aliquid
1128 1047 1264 1106 daret,
1295 1049 1563 1108 epigramma
1582 1049 1664 1095 hoc
1684 1048 1780 1094 Gri-

247 1129 454 1173 nagoram
480 1119 702 1176 scripsisse
732 1118 876 1164 elucet
902 1133 958 1164 ex
978 1119 1107 1164 verbo
1128 1118 1386 1179 περίπλοον’),
1423 1118 1537 1177 quod
1571 1120 1779 1164 terminus

250 1188 448 1247 proprius
492 1189 643 1235 talium
692 1189 1026 1248 descriptionum
1076 1190 1300 1236 habendus
1351 1196 1417 1236 est
1463 1204 1605 1249 neque
1653 1191 1780 1236 aliter

249 1258 457 1316 explicari
471 1264 626 1317 potest,
644 1261 727 1305 nisi
742 1261 850 1305 forte
866 1273 963 1305 cum
979 1259 1201 1306 Dindorfio
1223 1261 1340 1318 (vide
1360 1261 1527 1319 notam)
1542 1262 1777 1317 genitivum

246 1327 492 1374 substituas.
567 1328 760 1389 Menippi
805 1343 905 1376 vero
949 1329 1185 1388 geographi
1230 1335 1350 1376 aetas
1394 1330 1494 1376 huic
1538 1331 1777 1377 sententiae

245 1397 492 1455 neutiquam
512 1398 782 1456 adversatur3
803 1414 905 1445 nam
927 1399 1009 1446 hoc
1038 1414 1170 1446 unum
1201 1401 1360 1447 scimus
1390 1400 1486 1446 aliis
1516 1402 1777 1447 testimoniis

246 1480 346 1512 eum
376 1467 571 1514 floruisse
601 1474 700 1527 post
719 1469 986 1515 Demetrium
1004 1469 1275 1527 Magnesiam
1296 1472 1324 1516 i.
1346 1486 1384 1516 e.
1404 1479 1498 1531 post
1521 1471 1775 1517 Ciceronem.

246 1535 365 1589 Quae
384 1536 642 1595 Marcianus,
664 1539 736 1596 qui
756 1538 949 1599 Menippi
967 1540 1171 1601 περίπλουν
1191 1541 1414 1598 breviavit,
1437 1540 1491 1585 de
1511 1540 1594 1586 hoc
1615 1548 1658 1586 et
1678 1541 1775 1586 aliis

246 1607 338 1653 eius
349 1608 519 1667 scriptis
533 1610 767 1656 memoriae
778 1609 969 1668 tradidit,
986 1611 1097 1657 bene
1112 1612 1345 1658 concinunt
1357 1625 1453 1657 cum
1470 1612 1779 1670 epigrammate

246 1677 520 1734 Grinagoreo.
566 1677 675 1725 Nam
696 1685 870 1738 praeter
887 1683 1092 1743 περίπλουν
1106 1689 1180 1741 τῆς
1195 1683 1304 1730 ἐντὸς
1318 1684 1532 1740 θαλάσσης
1551 1683 1777 1739 scripsisse

245 1747 401 1794 dicitur
429 1750 613 1800 διάπλους
631 1752 659 1798 i.
683 1767 720 1797 e.
742 1752 980 1798 secundum
1001 1753 1254 1800 Muellerum
1276 1752 1308 1799 1.
1325 1767 1369 1812 p.
1386 1752 1608 1799 CXXXVI
1630 1754 1777 1809 „navi-

244 1820 440 1874 gationes
470 1823 526 1868 ab
562 1823 700 1869 altera
734 1823 792 1868 ad
827 1824 1009 1869 alteram
1046 1823 1355 1870 continentem
1377 1824 1469 1869 sive
1505 1824 1622 1868 linea
1657 1827 1778 1869 recta

244 1903 322 1946 per
350 1891 485 1936 altum
515 1893 727 1951 nullisque
756 1894 1012 1940 stationibus
1040 1895 1300 1953 interruptas
1331 1894 1422 1939 sive
1451 1894 1522 1938 via
1550 1907 1629 1952 per
1658 1894 1776 1938 insu-

241 1959 379 2005 larum
410 1963 616 2009 stationes
637 1963 879 2010 delineata“
901 1956 1086 2014 Bidulooe
1114 1966 1176 2009 διὰ
1205 1968 1323 2026 πόρου
1343 1964 1455 2020 illas,
1486 1964 1564 2009 has
1594 1965 1777 2013 διάπλους

241 2031 303 2074 διὰ
316 2033 508 2091 νήσωνςθ)
524 2036 653 2080 etiam
672 2035 727 2080 de
742 2036 893 2081 insulis
908 2049 1142 2093 eorumque
1156 2037 1320 2081 ambitu
1340 2035 1503 2080 dixisse
1524 2034 1773 2093 Menippum

242 2101 357 2148 clare
400 2108 583 2150 testatur
625 2104 940 2162 Agathemerus
987 2105 1040 2164 (Ι,
1071 2106 1135 2165 5),
1171 2105 1417 2151 Marcianus
1454 2104 1639 2163 denique
1675 2119 1774 2151 eum

243 2174 557 2233 „geographica
601 2175 813 2221 historicis
850 2189 1018 2234 quoque
1052 2176 1315 2222 illustrasse“
1353 2180 1502 2221 auctor
1537 2181 1615 2221 est.
1676 2175 1774 2221 Non

239 2243 398 2290 frustra
424 2245 574 2305 διάπλῳ
594 2246 658 2291 illi
677 2246 740 2290 διὰ
754 2249 885 2304 νήσων
914 2246 985 2292 vel
1014 2247 1187 2307 περίπλῳ
1208 2260 1237 2291 a
1264 2245 1470 2305 Menippo
1501 2245 1772 2291 commodato

357 2399 384 2448 ¹)
414 2397 483 2438 Of.
511 2410 570 2448 ep.
602 2399 660 2437 IX
695 2400 743 2437 90
775 2398 920 2447 Alphd,
956 2399 1187 2448 Grinagorae
1223 2401 1262 2437 et
1298 2397 1469 2446 aequalis
1503 2401 1544 2435 et
1570 2397 1771 2446 popularis,

238 2457 305 2504 qui
336 2458 496 2497 Rom-m
530 2457 763 2506 profecturus
800 2456 935 2506 (Apsos
953 2457 1074 2503 πόλιν)
1106 2457 1311 2495 secundam
1335 2456 1610 2503 navigationem
1634 2459 1676 2493 ut
1698 2457 1773 2494 sibi

236 2515 445 2563 praeberet,
467 2515 683 2565 Neptunum
706 2517 801 2561 orat,
825 2518 866 2553 et
886 2515 1086 2564 Antipatri
1108 2515 1242 2554 Thess.
1264 2526 1323 2564 ep.
1348 2514 1387 2551 X
1411 2515 1470 2553 25.

351 2572 381 2622 ²)
406 2573 557 2612 Etenim
591 2574 690 2612 hunc
724 2573 826 2612 mitti
859 2573 933 2611 sibi
968 2574 1050 2611 vult
1079 2576 1204 2622 poeta,
1236 2584 1312 2611 non
1348 2591 1394 2600 —-
1430 2572 1529 2619 quod
1566 2571 1771 2609 Muellerus

236 2631 366 2670 scribit
387 2652 434 2661 -
457 2631 585 2681 impu
607 2631 749 2678 κύκλον,
774 2632 910 2680 quibus
934 2632 1059 2670 verbis
1081 2632 1180 2670 haec
1204 2632 1348 2670 itineris
1373 2630 1577 2679 descriptio
1599 2630 1770 2678 insigniri

236 2701 311 2730 non
333 2692 472 2741 potest.

350 2750 388 2798 ⁸).
404 2761 472 2790 eas
486 2750 653 2801 περίπλῳ
669 2751 746 2799 ipsi
767 2750 931 2790 insertas
955 2752 994 2789 et
1008 2750 1227 2791 subiunctas
1251 2750 1365 2789 fuisse
1383 2747 1589 2787 Muellerus
1612 2749 1769 2794 conicit;

234 2819 309 2858 quo
331 2809 424 2855 iure,
448 2810 587 2849 neseio.
