1964 3053
887 151 1177 193 ...34-

258 275 407 323 Iliadis
435 278 533 323 libri
563 290 688 323 versu
718 277 857 336 primo
888 276 1195 323 offendendum
1226 281 1320 322 erat
1338 276 1661 336 Alexandrinis,
1682 279 1797 338 quod

261 361 441 394 caesura
470 348 779 405 semiquinaria
815 349 930 392 exitu
967 349 1084 393 vocis
1113 348 1325 393 iambicae
1354 349 1432 392 θεά
1461 348 1656 406 efficitur,
1687 364 1798 407 quae

260 419 490 478 primariae
534 418 771 464 hexametri
819 432 1024 464 caesurae
1073 433 1159 465 non
1205 419 1347 466 minus
1391 420 1531 479 impar
1565 425 1632 466 est
1668 433 1800 479 quam,

259 503 462 536 caesurae
477 490 748 547 pentametri.
782 488 873 542 Quo
890 489 1050 534 factum
1068 494 1147 545 est,
1164 493 1211 533 ut
1228 489 1523 546 Callimachus,
1540 504 1667 548 quem
1683 490 1794 537 hanc

259 572 424 616 quoque
436 558 579 615 legem
593 558 718 617 epico
732 559 871 604 versui
890 558 1113 616 scripsisse
1131 558 1330 617 Meyerus
1346 559 1601 617 suspicatur,
1617 560 1663 605 in
1681 562 1794 606 1147

257 628 517 674 hexametris
538 633 603 674 ter
625 627 786 685 decies,
803 627 1185 687 AntipaterSid.in
1193 628 1280 673 350
1294 628 1555 675 hexametris
1571 635 1723 687 quater
1739 656 1793 664 —

256 698 364 744 haec
385 698 559 756 quidem
576 698 779 758 exempla
794 703 912 744 certa
932 705 1032 743 sunt
1048 723 1103 731 -
1119 698 1309 743 iambum
1331 698 1395 743 illi
1415 698 1508 745 sedi
1539 699 1791 747 insererent.

255 767 402 826 Neque
425 769 567 814 minus
589 768 817 826 diligenter
837 782 933 814 eum
956 767 1070 813 cavit
1093 766 1366 828 Orinaqoras,
1397 782 1495 814 cum
1527 769 1593 816 bis
1623 773 1792 817 tantum

254 839 445 894 regulam
485 840 666 885 violaret
701 854 768 898 ep.
801 841 920 896 34,5:
966 837 1053 882 οὐδὲ
1083 831 1190 898 πέριξ
1221 843 1264 883 et
1292 839 1413 896 20,5:
1444 841 1574 901 τοιγὰρ
1605 840 1703 885 ἔδυν.
1735 866 1793 873 -

254 909 444 955 Tertium
496 915 655 967 autem,
706 910 821 968 quod
869 911 913 955 in
961 909 1108 955 Iliadis
1156 923 1280 955 versu
1329 909 1633 957 Alexandrinis
1685 912 1793 957 arri-

253 978 356 1025 dere
401 994 487 1025 non
533 981 725 1039 potuisse
762 981 962 1039 Meyerus
999 980 1117 1036 dicit,
1163 981 1205 1024 in
1253 994 1307 1024 ea
1348 995 1396 1025 re
1441 982 1641 1037 cernitur,
1677 982 1792 1039 quod

252 1064 458 1095 caesurae
489 1056 533 1095 et
569 1052 874 1108 semiquinaria
902 1056 1000 1110 post
1029 1051 1106 1093 θεά
1137 1055 1180 1094 et
1218 1051 1509 1095 seminonaria
1538 1056 1638 1109 post
1674 1051 1790 1109 Πηλ-

251 1118 395 1176 ηιάδεω
416 1121 461 1164 in
490 1135 575 1165 uno
605 1135 729 1166 versu
761 1122 1022 1165 coniunctim
1054 1120 1221 1178 positae
1251 1126 1362 1165 sunt.
1409 1120 1543 1174 Quam
1573 1122 1790 1168 licentiam

253 1191 316 1234 bis
353 1190 529 1235 admisit
563 1190 860 1247 Callimachus,
899 1204 1110 1247 nusquam
1145 1189 1360 1235 Leonidas
1398 1189 1493 1235 Tar.
1532 1195 1575 1236 et
1611 1195 1790 1249 uterque

251 1261 497 1318 Antipater.
564 1260 825 1318 Cm’nayorae
862 1259 947 1304 duo
982 1260 1129 1305 laesae
1174 1259 1282 1314 legis
1328 1260 1528 1318 exempla
1572 1260 1788 1317 leguntur:

249 1343 316 1386 ep.
351 1330 436 1384 8,1‚
468 1330 540 1373 ubi
571 1329 744 1385 quidem
784 1330 944 1373 nomini
984 1330 1154 1387 proprio
1181 1328 1289 1387 Ἥρη
1326 1335 1415 1373 tam
1454 1334 1545 1373 arte
1584 1329 1790 1374 adhaeret

249 1397 453 1444 enclitica
482 1413 537 1451 τε,
579 1401 626 1444 ut
656 1399 781 1444 unius
820 1399 936 1444 vocis
974 1399 1112 1444 instar
1148 1399 1246 1455 sint,
1277 1398 1457 1443 alterum
1496 1399 1539 1442 in
1572 1412 1639 1457 ep.
1672 1399 1787 1456 36,3,

249 1471 319 1526 qui
357 1485 504 1516 versus
542 1471 656 1515 male
686 1470 869 1515 traditus
900 1474 981 1526 est,
1006 1460 1090 1516 'sed
1122 1472 1180 1514 ἔπι
1212 1485 1308 1516 cum
1347 1469 1620 1516 antecedenti
1660 1485 1787 1517 voca-

248 1543 346 1587 bulo
363 1543 408 1587 in
425 1557 557 1588 unum
575 1544 689 1588 coire
708 1542 885 1588 videtur.
904 1569 958 1575 —
979 1542 1078 1588 Jam
1101 1547 1151 1590 ut
1171 1557 1280 1601 quae
1301 1542 1441 1588 adhuc
1462 1541 1786 1601 disputavimus,

246 1614 396 1669 paucis
433 1613 711 1670 complectar,
745 1612 1002 1669 Crinagoras
1039 1614 1082 1657 in
1116 1614 1181 1658 his
1213 1612 1603 1657 Alexandrinorum
1626 1612 1785 1668 regulis

246 1682 524 1727 observandis
547 1696 657 1728 unus
678 1683 869 1728 omnium
891 1682 1215 1739 religiosissime
1235 1686 1427 1728 versatus
1449 1686 1515 1727 est
1534 1695 1787 1740 summaque

245 1765 342 1794 cum
375 1752 584 1806 sollertia3
617 1752 733 1795 unde
763 1753 1054 1796 coniecturam
1087 1753 1229 1797 facere
1259 1753 1374 1807 licet,
1406 1765 1532 1808 quam
1571 1752 1784 1808 frequenti

244 1826 290 1866 et
320 1821 515 1879 diligenti
547 1822 716 1867 illorum
756 1823 992 1867 carminum
1031 1822 1257 1879 lectione¹)
1291 1821 1479 1866 imbutus
1516 1822 1584 1867 sit.
1645 1822 1784 1878 Atque

245 1905 298 1935 ne
321 1892 415 1949 quis
437 1895 556 1937 casui
577 1905 667 1949 eas,
689 1906 796 1949 quas
818 1891 1038 1951 Meyerum
1062 1899 1233 1938 secutus
1263 1891 1434 1936 exhibui
1462 1891 1783 1937 observationes

243 1963 445 2007 metricas
476 1963 696 2018 attribuat,
728 1968 1013 2019 recognoscat
1044 1963 1170 2007 velim
1203 1976 1300 2007 cum
1322 1963 1412 2007 viro
1434 1961 1507 2006 illo
1534 1961 1782 2007 doctissimo

245 2031 459 2078 Theocriti
490 2032 642 2091 idyllia
662 2031 693 2089 Ι,
716 2031 766 2088 11,
788 2031 862 2088 XI,
883 2031 979 2088 XV,
1002 2047 1179 2090 quorum
1210 2033 1255 2077 in
1286 2033 1372 2075 545
1403 2031 1663 2077 hexametris
1693 2031 1782 2090 pri-

242 2116 357 2145 mam
410 2103 550 2158 legem
599 2103 819 2157 undecies,
867 2103 1101 2146 secundam
1149 2106 1292 2147 tricies
1337 2105 1578 2160 quinquies,
1610 2102 1779 2146 tertiam

241 2171 518 2216 duodevicies
565 2172 746 2216 violatas
782 2186 879 2216 esse
917 2173 1117 2216 inveniet.
1155 2197 1200 2203 —
1239 2174 1295 2215 At
1339 2185 1421 2225 rea,
1468 2184 1595 2227 quam
1632 2171 1780 2215 ultimo

240 2241 335 2286 loco
366 2242 582 2300 persecuti
612 2255 774 2297 sumus,
806 2242 890 2285 iam
924 2242 1100 2300 propius
1130 2241 1300 2286 accedit
1329 2240 1385 2286 ad
1416 2239 1462 2285 id
1492 2245 1634 2298 caput,
1665 2240 1781 2297 quod

238 2325 353 2356 nunc
383 2312 604 2356 tractaturi
636 2326 783 2357 sumus

619 2429 660 2472 2.
723 2427 794 2473 De
825 2426 1062 2473 caesuris
1094 2427 1396 2473 hexametri.

355 2520 511 2567 Notum
545 2526 612 2566 est
642 2527 788 2567 nostra
818 2526 960 2567 aetate
992 2521 1324 2572 controversiam
1357 2525 1495 2566 ortam
1535 2535 1631 2568 esse
1667 2522 1779 2568 inter

237 2607 300 2636 vv.
334 2592 428 2646 dd.,
460 2605 569 2648 quae
592 2592 788 2647 legitima
808 2596 925 2637 esset
947 2590 1335 2636 Alexandrinorum
1359 2605 1552 2646 caesura,
1582 2592 1777 2637 bucolica

356 2744 379 2789 ¹)
408 2744 552 2780 Vereor
570 2754 699 2791 paene,
718 2754 764 2779 ne
780 2742 950 2790 putidum
968 2743 1018 2779 sit
1036 2742 1157 2779 denuo
1174 2753 1322 2780 monere
1340 2743 1439 2780 illius
1456 2743 1571 2780 studii
1580 2744 1776 2792 residuum

233 2801 346 2839 etiam
372 2804 519 2838 exstare
544 2802 581 2837 in
608 2813 667 2849 ep.
691 2802 749 2847 41,
776 2801 896 2838 minus
921 2803 1062 2838 certum
1087 2801 1125 2837 in
1149 2812 1208 2849 ep.
1233 2801 1278 2838 29
1304 2801 1365 2848 (cf.
1391 2804 1505 2849 caput
1528 2803 1730 2850 quartum).
