2051 3140
854 161 1142 203 ...19-

233 303 362 337 senus
396 304 569 351 prorsus
598 290 702 335 mibi
733 290 941 349 expunxit
969 299 1023 333 ea
1051 301 1113 343 re,
1143 286 1257 344 quod
1293 285 1412 330 nullo
1442 283 1573 329 modo
1609 296 1766 340 poema

233 361 290 406 ad
341 361 525 408 Drusum
569 362 871 406 Germanicum
880 359 914 415 ¹)
951 359 1039 403 iam
1083 356 1330 402 defunctum
1367 359 1565 414 spectare
1601 356 1765 411 posset,

232 430 311 478 sed
354 432 495 477 vivum
540 430 789 476 celebraret.
857 427 980 481 Quod
1025 441 1124 472 vero
1172 425 1229 471 ad
1264 426 1439 471 nomina
1472 421 1765 481 geographica

221 502 400 558 attinet,
436 501 547 546 mira
582 515 687 546 sane
722 503 834 555 sunt,
872 511 1010 555 neque
1044 503 1190 543 tamen
1233 495 1374 541 minus
1410 496 1532 552 mira,
1571 495 1608 540 si
1644 492 1764 552 prius

233 569 392 616 bellum
431 569 729 626 intelligitur2).
788 565 972 612 Perinde
1010 566 1207 611 errabam
1246 564 1301 608 de
1332 564 1578 609 adulatione
1614 564 1762 618 nimia,

232 653 360 697 quam
389 640 569 685 carmini
597 639 774 683 subesse
804 636 1056 687 statuebam.
1102 633 1213 680 Nam
1246 634 1421 679 minime
1450 634 1558 679 haec
1586 632 1761 692 praedi-

231 708 342 754 catio
371 707 549 764 indigna
577 710 644 751 est
673 704 1029 764 expeditionibus,
1061 703 1210 762 quales
1239 702 1409 747 fuerunt
1436 716 1642 748 annorum
1674 704 1760 745 768

230 783 276 822 et
305 778 402 820 769.
462 776 554 820 Hac
585 776 700 820 enim
730 789 783 820 ex
812 778 939 833 parte
969 788 1066 819 cum
1107 774 1210 818 viro>
1229 771 1477 817 doctissimo
1515 772 1761 830 conspirare

231 858 316 891 non
347 857 534 904 possum,
564 848 663 904 post
691 858 731 890 a.
764 844 850 904 764
879 843 1149 902 epigramma
1178 841 1462 899 compositum
1501 854 1598 886 esse
1635 844 1761 886 autu-

231 921 390 971 mante,
420 930 503 972 quo
534 929 639 960 sane
667 916 755 959 iam
784 913 954 971 imperii
983 912 1202 970 particeps
1231 910 1513 957 Germanicus
1544 916 1649 967 erat,
1681 912 1760 957 sed

232 998 319 1031 una
347 998 445 1030 cum
475 984 644 1029 Tiberio
667 981 943 1041 (Mommseni
963 980 1015 1026 H.
1037 980 1087 1027 R.
1109 980 1192 1026 vol.
1216 980 1266 1037 V,
1287 994 1329 1040 p.
1351 980 1442 1038 45).
1490 980 1638 1040 Neque
1658 995 1759 1027 vero

231 1053 462 1110 quidquam
499 1052 710 1109 praeclari
752 1057 827 1096 aut
862 1051 1064 1095 notabilis
1104 1064 1157 1095 eo
1202 1063 1315 1094 anno
1361 1051 1519 1094 sactum
1565 1056 1761 1096 auctores

229 1121 445 1178 exhibent,
464 1121 596 1167 immo
616 1119 800 1167 Romani
819 1134 971 1180 pamm
992 1120 1175 1180 impigre
1205 1123 1249 1165 et
1278 1124 1450 1166 strenue
1471 1133 1518 1166 se
1539 1120 1760 1178 gerebant.

230 1190 353 1244 Quod
359 1191 397 1236 si
410 1190 541 1235 nihilo
549 1191 689 1235 minus
698 1189 955 1246 Grinagoras
967 1190 1088 1234 illum
1104 1190 1149 1233 in
1164 1190 1337 1234 modum
1353 1189 1503 1234 laudes
1514 1189 1760 1235 Germanici

229 1261 285 1306 ob
315 1275 384 1306 res
413 1274 465 1305 eo
496 1274 610 1306 anno
640 1265 785 1316 gestas
815 1264 1001 1316 caneret,
1037 1260 1129 1304 iure
1159 1259 1478 1305 sordidissimus
1516 1263 1760 1306 assentator

228 1329 511 1389 appellandus
532 1334 659 1385 esset,
692 1343 774 1388 quo
805 1330 985 1375 crimine
1015 1342 1102 1374 non
1133 1330 1270 1386 magis
1300 1329 1403 1374 mihi
1438 1329 1607 1375 videtur
1633 1344 1760 1375 accu-

228 1400 387 1446 sandus
417 1414 545 1458 quam
574 1400 668 1459 ipse
698 1399 913 1445 Horatius.
972 1399 1253 1458 Epigramma
1288 1400 1430 1456 igitur,
1462 1399 1516 1444 de
1553 1414 1635 1458 quo
1667 1402 1759 1458 agi-

229 1485 336 1526 mus,
366 1484 410 1528 p.
440 1484 479 1515 a.
503 1470 586 1513 767
618 1470 920 1515 concinnatum
942 1474 1009 1515 est
1038 1495 1094 1501 —-
1115 1475 1242 1528 atque
1264 1476 1311 1515 ut
1336 1469 1498 1515 indicia
1517 1474 1758 1529 temporum

226 1540 313 1584 iam
343 1539 528 1584 breviter
557 1538 971 1597 comprehendamus
1002 1544 1174 1585 cuncta:

344 1608 600 1665 Grinagoras
632 1616 729 1668 post
757 1626 796 1655 a.
830 1609 915 1652 767
951 1613 1141 1655 mortuus
1180 1613 1249 1655 est
1278 1609 1446 1655 Tiberio
1485 1609 1757 1669 imperatore.

227 1679 338 1731 Quot
372 1679 498 1723 annis
534 1682 636 1737 post
669 1678 751 1735 hoc
788 1679 1005 1735 acciderit,
1046 1680 1137 1724 erui
1176 1693 1261 1724 non
1299 1684 1455 1738 potest,
1500 1694 1758 1738 quamquam

226 1762 313 1794 non
361 1749 426 1794 ita
474 1747 596 1792 multi
646 1748 686 1792 ei
736 1749 983 1793 circumacti
1028 1752 1148 1805 sunt,
1195 1749 1267 1806 qui
1307 1749 1393 1794 iam
1435 1754 1538 1795 ante
1584 1764 1623 1794 a.
1673 1752 1757 1794 712

226 1819 378 1876 poesin
423 1818 649 1876 temptavit
685 1822 812 1875 atque
849 1822 950 1862 ante
980 1831 1140 1863 annum
1178 1820 1262 1862 729
1292 1818 1456 1864 Romae
1493 1821 1756 1876 versabatur,

225 1893 272 1934 ut
302 1902 476 1935 carmen
506 1888 564 1933 ad
595 1887 896 1934 Philostratum
927 1888 1148 1947 pertinens
1178 1889 1266 1934 iam
1294 1889 1340 1934 in
1370 1890 1474 1936 urbe
1506 1904 1569 1936 ca.
1602 1904 1642 1936 a.
1672 1893 1758 1935 724

225 1958 511 2018 compositum
549 1971 644 2004 esse
674 1959 810 2017 possit
839 1958 903 2016 (et
930 1960 1131 2018 Menippi
1153 1961 1351 2019 pem‘plus
1387 1966 1487 2005 ante
1523 1961 1637 2006 hunc
1670 1967 1756 2006 ter-

225 2029 388 2073 minum
441 2027 715 2073 collocandus
760 2028 849 2084 sit),
900 2042 1028 2086 porro
1079 2029 1132 2084 ei,
1184 2030 1255 2085 qui
1305 2055 1361 2060 —
1412 2034 1461 2075 ut
1509 2032 1757 2076 testimonia

224 2111 391 2156 quoque
421 2100 613 2157 repetam
644 2122 700 2129 —
731 2110 841 2143 unus
871 2111 924 2143 ex
944 2098 1158 2157 prioribus
1181 2096 1369 2157 Philippi
1391 2099 1588 2146 Coronae
1616 2101 1756 2159 poetis

223 2168 510 2213 nominandus
531 2171 610 2223 est,
633 2168 704 2223 qui
724 2166 908 2224 denique
938 2167 1130 2224 aequalis
1161 2171 1205 2212 et
1230 2169 1394 2213 amicus
1421 2169 1503 2215 fuit
1522 2170 1754 2227 Parthenii,

223 2251 348 2295 quem
370 2237 502 2282 multo
533 2240 634 2282 ante
654 2235 810 2281 Tiberii
840 2250 1019 2295 regnum
1041 2241 1222 2283 mortem
1244 2238 1494 2284 occubuisse
1515 2238 1755 2286 Meinekius

223 2307 425 2353 ostendit.
486 2306 605 2351 Haec
640 2310 739 2351 sunt
774 2307 933 2362 omnia,
964 2320 1074 2363 quae
1111 2311 1236 2352 caute
1275 2308 1587 2365 epigrammata
1620 2311 1753 2355 inter-

221 2378 407 2437 pretanti
438 2375 493 2422 de
525 2376 786 2434 Crinagorae
822 2379 966 2423 aetate
1003 2380 1215 2423 constant.
1261 2376 1443 2423 Accedit
1471 2378 1517 2423 id
1555 2379 1668 2437 quod
1698 2379 1754 2425 de

222 2448 477 2504 migratione
522 2446 662 2493 Lesbo
701 2448 745 2492 in
790 2446 961 2492 Italiam
1007 2451 1208 2505 suscepta
1251 2461 1381 2506 supra
1424 2462 1503 2493 nos
1556 2462 1753 2508 compro-

223 2518 325 2563 bare
362 2516 615 2563 studuimus.
685 2516 779 2571 Qua
812 2517 927 2563 vitae
964 2516 1211 2562 conditione
1254 2531 1356 2563 usus
1393 2519 1460 2575 sit,
1508 2519 1753 2565 coniectura

222 2586 339 2631 nullo
384 2587 556 2642 negotio
606 2587 776 2643 assequi
826 2600 1071 2644 possumus:
1118 2587 1474 2632 verisimillimum
1524 2593 1590 2632 est
1638 2589 1753 2651 hunc

339 2689 366 2735 ι)
391 2690 487 2727 Post
518 2692 714 2729 decessum
745 2702 791 2728 ex
822 2690 900 2729 vita
922 2690 1083 2727 Drusum
1114 2690 1213 2728 hunc
1243 2691 1390 2728 titulum
1422 2691 1614 2739 accepisse
1647 2692 1752 2732 Suet.

222 2747 352 2786 Claud.
376 2757 407 2784 c.
435 2749 452 2783 1
479 2750 519 2785 et
541 2749 650 2787 Dion.
676 2750 756 2795 55,2
780 2751 951 2786 auctores
974 2751 1073 2785 sunt.

336 2806 366 2852 2)
390 2805 490 2843 Vide
515 2809 640 2845 tamen
665 2819 710 2844 ne
747 2807 933 2845 Celtarum
956 2806 1227 2856 significatione
1257 2809 1488 2846 excusentur.
1515 2808 1576 2885 (pf.
1600 2810 1751 2857 notam.)

1495 2865 1517 2905 2
