1964 3053
866 125 1157 168 ...24—

970 308 1048 364 11.

476 402 543 455 De
580 400 880 490 Grinagorae
917 400 1194 455 elocutione
1229 403 1281 454 et
1316 401 1544 456 dialecto.

357 518 524 563 «Iustam
555 518 611 563 de
641 518 882 563 elocutione
907 517 1167 574 Grinagorae
1198 517 1539 575 disquisitionem
1570 518 1653 565 hoc
1681 519 1777 564 loco

240 588 443 632 exhibere
472 587 571 633 ideo
602 582 947 645 supersedemus,
970 587 1083 645 quod
1112 588 1157 632 in
1181 588 1404 633 verborum
1425 587 1628 644 indicem,
1649 602 1776 645 quem

238 656 443 714 opusculo
474 656 765 714 adiunximus,
803 661 851 702 ut
887 657 933 701 in
968 656 1166 702 horreum
1204 658 1350 702 omnia
1392 658 1617 714 insigniter
1661 657 1778 703 dicta

238 727 398 771 referre
451 728 595 772 conati
640 741 785 772 sumus
824 740 875 770 ac
911 726 1050 781 simul,
1098 740 1173 770 cur
1224 727 1459 782 singularia
1510 741 1564 771 ea
1614 731 1776 783 essent,

238 795 421 841 breviter
450 795 746 842 indicavimus.
809 795 956 854 Itaque
993 796 1097 841 satis
1134 796 1190 841 sit
1225 794 1308 841 hoc
1345 796 1388 840 in
1421 796 1561 855 capite
1596 797 1642 841 in
1679 797 1775 842 uni-

236 879 404 910 versum
451 879 592 923 pauca
637 865 692 909 de
737 866 835 910 stilo
880 871 1034 924 poetae
1079 864 1342 909 disseruisse.
1405 866 1468 909 Ac
1509 866 1694 923 primum
1729 866 1775 911 id

234 935 466 990 neminem,
489 935 560 993 qui
581 934 648 980 his
668 935 991 993 epigrammatis
1011 935 1239 991 vacaverit,
1260 934 1508 993 praeteribit
1531 948 1775 982 sermonem

232 1010 387 1062 poetae
415 1004 666 1063 Mytilenaei
697 1005 883 1050 colorem
917 1008 1081 1063 epicum
1110 1005 1327 1063 praeferre
1356 1006 1401 1049 in
1431 1005 1575 1050 verbis·
1604 1019 1773 1052 eorum·

233 1089 315 1132 que
360 1075 510 1120 formis
557 1080 685 1132 atque
730 1075 774 1119 in
822 1075 1045 1120 structuris
1091 1075 1396 1130 grammaticis.
1408 1076 1439 1132 ¹)
1504 1073 1771 1133 Quamquam

231 1146 360 1200 igitur
402 1146 597 1190 oratione
642 1145 840 1189 utebatur
875 1158 962 1189 non
999 1145 1143 1199 insita,
1182 1143 1261 1189 sed
1298 1149 1532 1202 assumpta,
1565 1159 1681 1200 „non
1718 1160 1772 1191 ex

231 1227 305 1258 ore
336 1214 556 1259 hominum
579 1215 825 1269 viventium,
847 1213 926 1258 sed
947 1227 1002 1258 ex
1021 1213 1141 1258 libris
1163 1213 1304 1258 studio
1325 1219 1368 1258 et
1387 1214 1534 1259 labore
1562 1217 1768 1274 aceepta“

230 1284 426 1339 (Jacobs.
457 1284 591 1341 praef.
623 1298 665 1341 p.
686 1283 846 1339 XLIII)
874 1288 1022 1328 tamen
1052 1298 1220 1328 summa
1249 1297 1345 1328 cum
1384 1284 1576 1329 sollertia
1606 1298 1703 1329 eam
1726 1286 1769 1330 in

229 1368 353 1399 usum
386 1368 510 1399 suum
550 1354 846 1409 convertebat;
879 1352 992 1398 unde
1028 1353 1244 1411 profectus
1281 1358 1398 1398 recte
1425 1352 1607 1400 Bahrius
1639 1354 1687 1411 (l.
1720 1355 1769 1411 l.)

229 1425 392 1480 colligit
444 1429 616 1481 poetam
658 1423 852 1479 diligenti
891 1422 1131 1468 eruditione
1169 1423 1234 1479 (et
1269 1423 1455 1469 lectione
1491 1428 1682 1469 veterum
1728 1430 1772 1469 et

226 1494 618 1538 Alexandrinorum
651 1497 891 1550 poetarum,
925 1493 978 1537 cf.
1010 1506 1110 1550 epp.
1141 1494 1196 1535 41
1230 1499 1274 1536 et
1303 1493 1379 1549 29)
1416 1494 1628 1538 imbutum
1659 1508 1770 1549 esse,

228 1576 312 1620 qua
342 1563 496 1608 ceteris
527 1562 666 1621 poetis
696 1561 867 1607 illorum
896 1564 1141 1619 temporum
1171 1561 1403 1607 excelleret
1433 1561 1613 1621 perinde
1643 1568 1769 1621 atque

227 1633 314 1675 alia
349 1633 523 1690 poetica
559 1633 726 1687 virtute,
773 1645 901 1688 quam
939 1632 1100 1689 optime
1137 1632 1201 1675 vir
1236 1631 1511 1677 doctissimus
1556 1635 1649 1678 eine
1691 1650 1765 1692 ye-

225 1706 346 1748 wisse
401 1701 707 1760 Gedieqenhez't
755 1704 895 1747 seiner
939 1704 1085 1746 Poesie
1141 1701 1386 1759 appellasse
1436 1701 1541 1747 mihi
1585 1702 1765 1748 videtur.

225 1771 343 1823 Quae
381 1772 625 1815 humanitas
662 1770 911 1828 planissime
950 1776 1172 1827 comparet
1208 1772 1338 1815 etiam
1383 1771 1429 1815 in
1475 1772 1538 1816 eis
1573 1772 1764 1829 vocibus,

225 1855 331 1897 quas
362 1854 495 1886 novas
524 1848 655 1899 poeta
674 1840 798 1885 finxit
820 1839 895 1897 (28
915 1840 961 1884 in
981 1841 1069 1883 274
1088 1841 1299 1897 versibus)
1320 1849 1397 1886 aut
1422 1855 1535 1887 nova
1553 1846 1765 1888 structura

222 1912 363 1954 induit
409 1916 486 1954 aut
531 1910 716 1965 denique
761 1910 805 1952 in
853 1910 975 1966 epico
1020 1910 1221 1954 thesauro
1272 1912 1442 1967 penitus
1487 1911 1763 1956 absconditas

222 1980 484 2025 carminibus
514 1978 711 2024 adhibuit
740 1983 784 2024 et
813 1979 1066 2024 reviviscere
1098 1979 1232 2025 iussit.
1293 1978 1340 2023 In
1372 1978 1439 2025 his
1458 1982 1763 2037 grammaticus

221 2050 507 2107 Mytilenaeus
539 2050 711 2107 saepius
732 2049 800 2092 vel
821 2049 1069 2093 felicissime
1091 2054 1284 2094 versatus
1305 2056 1383 2095 est.
1431 2049 1554 2102 Quod
1574 2051 1758 2096 studium

221 2133 334 2165 nova
369 2124 413 2164 et
448 2119 636 2176 insignia
671 2117 882 2164 vocabula
917 2119 1109 2165 versibus
1146 2118 1365 2165 inserendi
1402 2134 1489 2167 non
1523 2132 1622 2168 raro
1655 2135 1761 2167 sane

218 2191 350 2234 fatale
395 2191 474 2233 fuit
517 2190 730 2247 poematis
780 2190 887 2247 ipsis
932 2190 1142 2247 imprimis
1193 2190 1276 2245 eis,
1325 2204 1435 2248 quae
1485 2192 1761 2249 ἀναθηματικά

218 2265 439 2306 vocantur.
502 2261 584 2306 Hic
615 2274 783 2318 quoque
815 2274 947 2318 saepe
980 2260 1192 2318 „simplici
1223 2265 1267 2305 et
1295 2267 1472 2320 apertae
1492 2262 1587 2308 viae
1615 2263 1759 2321 impli-

217 2332 399 2375 catiores
438 2331 570 2375 calles
607 2330 836 2388 praetulit“
869 2329 977 2384 (Jac.
1010 2343 1052 2387 p.
1085 2328 1258 2388 LXIX),
1288 2344 1420 2389 saepe
1455 2335 1546 2377 tam
1583 2337 1758 2389 argutus

216 2406 282 2444 est
312 2414 441 2457 quam
472 2401 694 2456 obscurus,
716 2400 773 2444 ad
802 2399 1034 2455 legendum
1060 2413 1147 2444 non
1174 2405 1393 2456 venustus,
1409 2400 1602 2446 ‘dictione
1630 2417 1757 2459 quam

215 2475 394 2528 usurpat
430 2470 606 2515 minime
644 2468 883 2528 expeditus.
944 2468 993 2514 Id
1029 2472 1176 2515 autem
1215 2482 1441 2516 commune
1472 2469 1622 2517 horum
1651 2485 1757 2531 poe-

333 2595 357 2645 ¹)
385 2596 450 2634 Sic
476 2596 672 2634 articulum
697 2608 744 2633 ex
761 2596 963 2634 Homerico
988 2607 1058 2633 usu
1076 2607 1190 2646 saepe
1211 2597 1350 2634 omittit
1373 2601 1439 2635 ant
1463 2598 1756 2639 demomtrativa

212 2656 370 2692 strativa
393 2657 431 2693 vi
455 2656 651 2703 succingit,
678 2656 782 2692 cuius
812 2656 870 2692 rei
902 2667 974 2692 non
1005 2667 1161 2703 semper,
1186 2667 1280 2702 quae
1311 2667 1381 2705 par
1405 2660 1497 2701 erat,
1521 2658 1618 2695 ratio
1641 2659 1756 2696 dueta

212 2717 281 2759 est,
312 2713 411 2750 idem
443 2714 490 2751 de
523 2713 629 2751 tmesi
668 2714 864 2751 dicendum
904 2716 962 2752 est
995 2714 1208 2762 frequenter
1239 2714 1421 2760 adbibita,
1445 2715 1545 2753 haud
1570 2727 1654 2755 raro
1679 2726 1754 2754 non

204 2781 385 2822 respecta
408 2784 430 2808 a
454 2774 542 2810 viris
566 2773 700 2811 doctis,
