2051 3140
896 177 1187 220 —35—

279 319 334 351 an
364 319 450 351 una
478 320 532 352 ex
569 307 682 352 tertii
720 305 845 365 pedis
880 303 1173 349 incisionibus.
1235 302 1319 346 Alii
1356 300 1492 357 illam,
1529 299 1605 344 alii
1643 297 1721 342 has
1757 311 1808 342 eo

279 377 453 421 nomine
484 378 851 432 nuncupaverunt.
912 371 999 416 Sed
1027 377 1121 416 utut
1149 376 1226 427 est,
1258 386 1384 416 nemo
1413 371 1590 427 negabit
1625 368 1807 428 primam

278 445 419 503 legem
450 443 767 490 Alexandrinos
796 447 845 487 ut
873 445 1038 487 ceteros
1073 446 1223 499 poetas
1259 441 1340 485 sibi
1376 442 1577 486 statuisse
1615 453 1727 495 eam,
1764 443 1811 482 ut

280 517 431 559 tertiae
460 526 538 570 pes
568 511 899 567 distingueretur
927 509 1219 565 incisionibus,
1250 514 1475 567 praeterea
1509 524 1583 554 eos
1619 509 1809 553 maxime

279 582 498 627 bucolicae
519 593 725 626 caesurae
744 580 916 634 favisse,
938 591 1195 635 quamquam
1217 578 1323 622 haec
1338 592 1548 636 nusquam
1569 580 1807 624 necessaria

203 676 206 681 ·
280 656 404 698 esset.
450 650 635 707 Etenim,
665 653 713 694 ut
741 649 904 707 primus
923 646 1031 692 vidit
1050 647 1264 705 Meyems,
1296 661 1380 692 non
1402 649 1628 706 oportebat
1657 661 1807 692 caesu-

279 736 371 767 ram
393 720 741 778 semiquinariam
763 732 850 764 una
871 717 1068 762 bucolica
1088 717 1314 772 sublevari,
1336 730 1441 762 cum,
1460 720 1808 776 semiseptenaria

278 792 394 837 idem
426 790 536 836 effici
567 793 728 849 posset.
788 788 908 834 Idem
942 787 1031 832 fere
1061 785 1116 831 de
1140 786 1414 832 'Callimacho
1435 787 1654 832 Kaibelius
1685 786 1733 843 (l.
1756 786 1806 843 l.)

279 862 469 920 exponit,
514 861 598 906 nisi
644 859 757 917 quod
802 858 872 903 hic
916 857 982 901 vir
1026 856 1299 902 doctissimus
1345 870 1518 915 semper
1553 871 1581 901 a
1617 857 1825 902 bucolica·

280 945 469 987 caesura,
515 944 616 985 non,
661 933 709 973 ut
753 941 832 986 par
877 932 982 983 erat,
1019 939 1047 971 a
1082 928 1203 972 tertii
1236 925 1360 985 pedis
1397 927 1675 972 incisionibus
1711 940 1809 985 pro-

280 1001 495 1055 ficiscitur,
539 1012 678 1055 neque
723 997 1079 1054 semiseptenaria
1124 1010 1209 1040 non
1256 997 1397 1041 minus
1442 1010 1570 1053 quam
1615 997 1812 1041 bucolica

280 1083 460 1115 caesura
473 1067 856 1126 penthemimerem
873 1066 1011 1111 fulciri
1029 1080 1157 1125 posse
1173 1068 1405 1124 perspexit.
1444 1067 1646 1112 Attamen
1663 1082 1808 1112 verum

280 1140 547 1196 aliquatenus
578 1137 726 1193 sensit,
758 1150 857 1180 cum
886 1136 941 1180 de
974 1134 1223 1180 Callimachi
1257 1137 1446 1181 caesuris
1478 1136 1585 1181 haec
1616 1137 1809 1195 disputa-

279 1209 357 1253 vit:
406 1206 775 1264 „Penthemimere
820 1205 918 1251 sola·
957 1206 1173 1250 rarissime
1219 1219 1266 1250 se
1319 1206 1539 1262 continuit,
1594 1207 1713 1252 cuius
1764 1202 1841 1250 in'

280 1276 599 1336 epigrammatis
637 1275 815 1330 nullum,
852 1287 992 1333 pauca
1028 1279 1128 1319 sunt
1162 1275 1206 1318 in
1245 1274 1413 1333 hymnis
1445 1277 1643 1334 exempla
1673 1290 1810 1333 neque

280 1360 333 1391 ea
360 1346 505 1391 subtili
535 1344 721 1401 quodam
752 1345 930 1388 artificio
954 1343 1168 1388 destituta.
1216 1343 1380 1401 Ubique
1410 1346 1525 1388 enim
1551 1352 1810 1403 anapaestos

280 1415 511 1473 subiungit,
550 1413 786 1473 spondeum
818 1426 1050 1471 numquam
1081 1413 1163 1457 nisi
1196 1410 1419 1472 anaphora
1447 1416 1731 1472 quaesitum“‚
1764 1420 1813 1461 ut

280 1486 475 1531 bucolica
511 1498 691 1530 caesura
719 1484 917 1540 neglecta
947 1483 1054 1528 haec
1089 1488 1254 1528 tantum
1292 1484 1429 1529 forma
1459 1485 1637 1530 evadat:
1668 1508 1810 1532 -,υυ-,.

282 1554 443 1601 Contra
462 1553 663 1614 Meyerus
693 1567 780 1599 non
809 1553 919 1599 tales
950 1558 1221 1612 anapaestos,
1252 1553 1329 1599 sed
1360 1568 1579 1600 caesuram
1603 1556 1811 1614 semisep-

281 1625 490 1669 tenariam
523 1624 657 1668 solam
691 1624 847 1680 requiri
879 1623 995 1678 dicit,
1028 1624 1108 1667 etsi
1139 1624 1319 1668 fortasse
1349 1625 1442 1681 ipse
1481 1625 1690 1669 concedet
1727 1626 1811 1669 illis

282 1694 567 1740 venustiorem
589 1694 776 1752 speciem
807 1692 1027 1738 conciliari
1049 1692 1309 1737 hexametris
1330 1707 1382 1737 ea
1403 1707 1581 1739 caesura
1601 1694 1810 1750 distentis,

288 1778 413 1821 quam
445 1764 482 1808 si
513 1763 729 1820 spondeus
766 1763 1112 1818 semiquinariam
1150 1763 1356 1820 excipiat:
1393 1788 1437 1807 -,
1455 1789 1490 1793 -
1509 1789 1565 1808 -,-
1626 1764 1716 1807 Iam
1756 1765 1811 1808 ad

287 1834 547 1891 Orinagorae
578 1833 892 1892 epigrammata
922 1833 1112 1877 animum
1143 1832 1412 1878 attendentes
1443 1833 1570 1878 facile
1600 1835 1812 1893 percipie-

284 1918 378 1949 mus
424 1905 553 1949 etiam
600 1904 789 1948 caesuris
836 1916 964 1960 quam
1010 1903 1328 1959 elegantissime
1359 1904 1677 1949 conformandis
1714 1919 1810 1950 eum

286 1975 412 2019 enixe
444 1987 621 2032 operam
653 1972 836 2018 dedisse.
883 1973 1191 2018 Recensuimus
1223 1974 1315 2019 eius
1336 1973 1608 2019 hexametros
1640 1981 1809 2019 centum

283 2045 458 2101 triginta
487 2047 668 2102 septem,
699 2056 753 2088 ex
775 2043 927 2101 quibus
948 2045 1167 2100 octoginta
1187 2058 1296 2089 unus
1319 2044 1528 2090 incisione
1559 2047 1660 2088 κατὰ
1689 2047 1812 2106 τρίτον

285 2122 463 2177 τροχαῖον
482 2117 545 2159 ita
565 2116 771 2160 succincti
793 2119 905 2170 sunt,
928 2120 975 2159 ut
994 2129 1070 2159 sex
1091 2119 1137 2159 et
1157 2115 1439 2172 quadraginta
1461 2117 1588 2161 simul
1619 2118 1814 2162 bucolica

283 2188 544 2241 incidantur3
593 2186 898 2242 quinquaginta
949 2200 1027 2230 sex
1077 2187 1423 2243 semiquinariam
1468 2188 1671 2233 exhibent
1715 2203 1813 2233 cae-

284 2271 442 2313 suram,
474 2270 529 2302 ex
559 2255 709 2312 quibus
740 2271 885 2301 novem
904 2256 1200 2301 tantummodo
1234 2261 1381 2301 carent
1400 2270 1579 2302 caesura
1607 2258 1811 2304 bucolica.

286 2327 446 2373 Omnes
491 2327 620 2383 igitur
655 2324 892 2369 hexametri
931 2324 1191 2381 Grinagorae
1230 2327 1274 2370 in
1309 2327 1436 2372 tertio
1473 2327 1586 2385 pede
1623 2329 1813 2384 singulas

283 2398 514 2444 incisiones
534 2396 756 2455 praebent,
788 2394 914 2440 simul
937 2394 1154 2440 bucolicas
1175 2408 1389 2452 caesuras,
1411 2397 1447 2441 si
1468 2410 1616 2443 omnes
1637 2411 1813 2457 compu-

283 2474 439 2524 tamus,
464 2468 700 2525 nonaqinta
720 2474 820 2520 tres,
851 2463 965 2509 unde
996 2478 1231 2522 cognoscas
1252 2467 1381 2512 etiam
1404 2466 1680 2526 Grinagoram
1704 2469 1815 2514 hanc

285 2550 508 2584 caesuram
540 2534 878 2594 (secundariam)
908 2535 954 2579 in
990 2534 1156 2581 deliciis
1200 2536 1414 2582 habuisse.
1474 2536 1562 2581 Iam
1613 2538 1670 2582 ad
1718 2538 1815 2584 illos

284 2622 433 2653 versus
476 2620 631 2652 novem
676 2619 755 2650 nos
801 2607 1114 2661 convertamus,
1152 2607 1221 2663 qui
1259 2607 1596 2665 penthemimere
1641 2608 1815 2654 distenti

286 2670 482 2724 bucolica
511 2687 691 2722 caesura
719 2678 887 2720 vacant.
941 2673 1049 2719 Sunt
1078 2673 1142 2720 hi:

403 2749 442 2792 1.
474 2761 541 2805 ep.
564 2748 657 2802 8,1=
680 2741 802 2805 Ἥρη,
828 2746 1052 2803 Ἐληθυιῶν
1084 2749 1229 2807 μήτηρ,
1253 2748 1360 2808 ‘Hp-q
1381 2763 1422 2792 τε
1452 2750 1605 2806 teli-{2713

401 2821 442 2865 2.
464 2831 531 2878 ep.
554 2818 673 2874 33‚1:
705 2815 801 2865 Οὐδ’,
818 2818 867 2876 ἣν
892 2817 1075 2868 Ὠκεανὸς
1103 2826 1231 2864 πᾶσαν
1250 2821 1458 2881 πλήμυραν
1489 2821 1631 2882 ἐγείρῃ,
1665 2820 1815 2878 quibus

1560 2891 1607 2926 3*
