1964 3053
858 149 1147 194 -30-

235 280 359 337 (34);
395 282 560 325 Bia-nor
596 279 709 338 (19);
742 279 905 326 Lollius
934 281 1098 326 Bassus
1137 279 1253 339 (11);
1283 280 1552 340 Antiphdnee
1587 279 1769 327 Macedo

233 351 324 407 (9);
361 352 630 395 Automedon
660 350 774 406 (11);
814 351 1022 396 Addaeus
1054 351 1178 408 (10);
1214 352 1408 396 Maecius
1444 350 1563 408 (11);
1600 350 1770 398 Marcus

234 421 524 479 Arqentam'us
563 419 685 476 (33);
726 418 957 478 Statyllius
993 418 1177 466 Flaccus
1213 419 1321 478 (12).
1383 420 1454 466 Ad
1490 419 1770 477 Grinagoram

235 492 321 533 iam
352 503 430 533 nos
462 493 779 545 convertamus,
812 490 881 545 qui
912 488 1046 533 bisin
1067 494 1238 534 centum
1258 490 1435 545 triginta
1464 494 1631 548 septem
1661 504 1766 548 pen-

233 559 428 606 tametris
458 559 577 604 illam
607 558 853 605 libertatem
883 558 967 605 sibi
997 559 1200 619 sumpsitt

350 643 418 688 ep.
452 629 543 685 9‚6:
585 630 668 690 ἱεροὶ
698 629 951 690 τ’ἀῖρευταῖσι
970 630 1198 690 γερανδρὺου
1220 631 1421 690 ἀρκεύθοιο

582 703 744 762 πρέμνα,
783 702 1016 759 mames:
1046 700 1089 745 θ’
1118 702 1278 762 Ἑρμέω
1309 702 1481 763 ἱδρύσιες,

232 773 304 817 ubi
342 773 427 818 duo
465 773 595 818 verba
639 773 825 819 initialia
868 773 924 817 ad
971 772 1141 818 diversa
1184 773 1355 818 distichi
1399 774 1594 819 membra
1637 773 1769 833 perti-

233 851 349 899 nent,
386 844 568 888 alterum
605 843 663 889 ad
699 844 1009 901 hexametrum,
1046 843 1225 888 alterum
1264 843 1321 888 ad
1356 848 1690 902 pentametrum,
1726 848 1771 889 et

232 928 299 971 ep.
336 915 407 969 24,
459 914 532 958 ubi
578 928 615 958 v.
664 914 690 955 6
738 927 821 958 vox
872 916 1100 974 ἀρηϊφάτων
1140 914 1351 958 memoria
1398 913 1629 959 Homerica
1676 918 1771 959 orta

231 985 362 1029 talem
384 989 703 1043 pentametrum
733 983 874 1030 effecit
895 985 1106 1043 simulque
1126 985 1168 1030 ei
1198 984 1533 1030 satisfactionem
1565 984 1768 1031 concilia-

232 1056 302 1099 vit.
328 1080 380 1087 -
402 1054 452 1098 In
482 1059 632 1113 aperto
653 1055 784 1110 igitur
806 1059 871 1099 est
891 1054 1004 1099 huuc
1024 1059 1196 1113 poetam
1220 1059 1267 1100 ut
1287 1058 1455 1100 ceteros
1481 1056 1768 1114 epigramma-

232 1127 363 1170 tarios
407 1125 484 1170 tali
521 1125 746 1169 verborum
786 1125 1118 1179 consociatione,
1158 1138 1243 1181 qua
1281 1138 1427 1169 versus
1462 1126 1628 1170 numeri
1666 1139 1770 1171 con-

232 1196 487 1252 fringuntur,
520 1194 748 1252 diligenter
778 1195 1037 1241 abstinuisse
1068 1208 1208 1252 neque
1236 1194 1369 1240 licere
1406 1194 1665 1242 coniecturis
1702 1197 1770 1242 vel

231 1265 342 1310 falsa
373 1266 515 1324 potius
545 1264 800 1321 litterarum,
839 1278 949 1322 quae
984 1264 1171 1310 traditae
1202 1269 1313 1320 sunt,
1345 1264 1691 1323 compositione¹)
1729 1266 1770 1311 ei

232 1337 343 1381 hanc
380 1336 601 1381 licentiam
638 1335 879 1380 obtrudere.
942 1334 1030 1380 Sed
1058 1340 1205 1380 tamen
1235 1334 1317 1379 hoc
1353 1334 1514 1380 factum
1545 1340 1612 1380 est
1647 1349 1674 1380 a
1702 1351 1769 1381 vv.

232 1406 319 1463 dd.,
353 1406 426 1464 qui
456 1419 523 1465 ep.
556 1407 629 1463 3,4
658 1405 861 1450 traditam
900 1405 1154 1464 scripturam
1185 1405 1309 1463 θῆκεν
1339 1406 1540 1463 ὁμωνυμίῃ
1577 1419 1770 1451 commu·
1840 1452 1843 1454 ,

231 1482 377 1522 tarunt
406 1477 450 1520 in
472 1477 598 1533 θῆκεν
629 1477 847 1533 ὁμωνύμως
865 1481 954 1524 παῖς
983 1477 1127 1536 πατρὸς
1140 1478 1391 1536 Ἀντιφάνης.
1452 1476 1612 1521 Filium
1637 1477 1770 1533 signi-

231 1546 433 1593 ficaturus
478 1551 546 1594 est
591 1546 660 1592 Cr.
692 1547 803 1606 patri
849 1547 1164 1605 cognominem,
1196 1547 1310 1606 quod
1359 1546 1584 1593 enuntiare
1632 1546 1770 1605 potuit

230 1618 484 1674 simpliciter
507 1619 588 1663 sic:
613 1619 758 1677 πατρὸς
773 1617 927 1674 τοῦνομ’
950 1619 1067 1676 ἔχων,
1090 1619 1159 1663 vel
1191 1620 1234 1661 οὗ
1257 1620 1402 1677 πατρὸς
1423 1620 1627 1674 ὁμώνυμος
1648 1617 1768 1673 (υἱὸς)

232 1688 300 1734 vel
321 1689 467 1751 πατρὸς
487 1689 590 1750 ἔχων
612 1690 754 1748 ὄνομα,
787 1693 836 1736 ut
855 1689 900 1734 in
920 1689 1270 1749 inscriptionibus
1291 1688 1509 1735 nonnullis
1530 1688 1767 1735 institutum

231 1767 310 1817 est,
342 1762 410 1805 vel
442 1767 489 1804 ut
518 1762 662 1819 Anyte
694 1763 745 1804 A.
769 1761 815 1804 P.
841 1760 895 1804 Vl
929 1762 1032 1804 153:
1070 1762 1303 1821 Κλειτόριος,
1336 1764 1471 1819 γενὲτᾳ
1490 1761 1607 1804 ταύτὸ
1627 1760 1768 1819 λαχὼν

231 1836 353 1891 ὄνομα
376 1832 442 1878 vel
464 1837 510 1878 ut
530 1831 629 1878 Ant.
654 1831 742 1877 Sid.
766 1832 821 1878 ib.
845 1831 995 1888 206,9:
1013 1833 1464 1894 πατρὸςἈριστοτέλους
1479 1833 1766 1891 συνομώνυμος.

231 1907 310 1951 Cui
341 1905 545 1963 apertiori
577 1905 671 1949 viae
694 1903 762 1948 Gr.
784 1908 832 1948 ut
857 1918 988 1963 saepe
1016 1905 1283 1963 implicatam
1313 1906 1582 1964 praeoptavit
1611 1903 1769 1962 studio,

230 1976 344 2034 quod
373 1988 505 2033 supra
525 1974 887 2030 adumbravimus,
908 1979 1151 2021 commotus
1171 1989 1320 2022 versus
1341 1976 1573 2021 rarioribus
1594 1975 1769 2020 vocibus

230 2044 536 2101 distinguendi.
583 2043 650 2088 Ex
680 2057 731 2089 eo
763 2045 879 2089 enim
909 2058 1087 2090 numero
1109 2045 1248 2103 poetis
1279 2048 1347 2090 est
1376 2045 1632 2102 bnmvuuinst)
1654 2043 1769 2102 quod

229 2119 408 2163 verbum
430 2117 561 2162 etiam
577 2117 623 2161 in
640 2130 707 2174 ep.
728 2117 826 2171 18‚2
843 2117 1038 2161 occurrit.
1072 2115 1373 2170 Quaerendum
1389 2117 1518 2172 igitur
1532 2121 1611 2172 est,
1626 2128 1769 2160 nonne

230 2188 311 2233 hoc
342 2188 437 2232 loco
468 2186 577 2231 illud
614 2186 868 2231 vocabulum
905 2191 1061 2244 poetae
1097 2191 1216 2232 recta
1250 2185 1481 2232 traditione
1517 2184 1769 2231 vindicetur.

229 2258 334 2302 Mihi
374 2256 549 2315 quidem
585 2256 759 2301 dubium
800 2270 887 2301 non
924 2255 1092 2301 videtur
1122 2270 1232 2312 esse,
1264 2257 1365 2314 quin
1396 2257 1598 2314 ὁμωνυμίῃ
1629 2255 1769 2301 solnm

230 2330 349 2374 nulla
381 2329 700 2387 praepositione
727 2327 877 2373 addita
908 2327 1112 2374 idoneum
1144 2342 1318 2374 sensum
1347 2327 1606 2387 suppeditet,
1636 2327 1769 2385 siqui-

230 2400 330 2446 dem
366 2406 455 2449 παῖς
491 2399 611 2444 nulla
652 2412 699 2444 re
735 2399 780 2443 in
818 2403 983 2444 textum
1019 2399 1192 2458 irrepsit
1227 2400 1311 2445 nisi
1355 2399 1491 2458 patris
1535 2398 1768 2454 mentione,

230 2472 345 2529 quod
375 2472 492 2517 idem
524 2472 668 2517 evenit
695 2472 741 2514 in
771 2470 924 2515 Aesch.
953 2470 1106 2527 Agam.
1135 2485 1175 2515 v.
1207 2472 1307 2527 315,
1340 2471 1426 2526 ubi,
1458 2474 1504 2515 ut
1531 2483 1669 2528 nuper
1698 2483 1769 2515 me

346 2640 371 2688 ¹)
397 2639 485 2677 Hoc
514 2638 643 2676 nescio
674 2649 723 2675 an
752 2638 894 2676 inscius
917 2638 1045 2675 vitarit
1068 2637 1290 2684 Meinekius,
1321 2648 1406 2676 cum
1438 2638 1487 2676 A.
1512 2636 1555 2675 P.
1580 2636 1640 2675 VI
1664 2637 1768 2683 2985

228 2699 331 2745 (item
355 2701 468 2744 atque
495 2698 553 2734 VI
579 2696 696 2743 2932)
721 2697 926 2733 rectissime
951 2696 1146 2734 scriberet:
1183 2693 1280 2733 σκῦλ’
1294 2693 1367 2733 vind
1392 2696 1600 2744 Σωχᾶρεος.

344 2755 375 2802 ²)
399 2756 470 2792 Est
492 2754 673 2791 terminus
702 2753 971 2790 Aristotelicas
1003 2754 1219 2790 notissimus
1243 2754 1288 2790 cf.
1306 2753 1475 2791 Iudicem
1491 2752 1655 2791 Bonitzii
1675 2763 1706 2791 ε.
1722 2763 1769 2797 v.;

230 2825 344 2862 „ergo
370 2814 528 2851 fortasse
555 2824 602 2849 ex
627 2812 836 2850 scholarum
861 2823 932 2849 usu
956 2812 1111 2861 arripuit
1136 2812 1213 2850 ludi
1236 2812 1437 2860 magister-‘⁴
1463 2810 1670 2858 (Dielsiuu).
