2051 3140
792 180 850 187 -—
908 158 1081 199 47.-

708 702 1158 776 Thesea

867 854 1005 862 —

292 943 324 991 1)
355 943 479 981 Pedes
509 943 651 981 solutos
686 945 725 980 in
761 945 1107 993 iambographorum
1141 943 1318 980 trimetris
1348 945 1387 978 et
1415 942 1643 979 tetrametris
1670 943 1704 977 si

171 1004 393 1050 spectamus,
407 1002 657 1041 Archilochus
682 1006 721 1040 et
739 1003 943 1052 Hipponax
967 1003 1015 1048 ad
1039 1013 1279 1051 permagnam
1298 999 1498 1048 Euripidis
1516 1001 1702 1038 licentiam

171 1060 338 1108 proxime
356 1060 549 1104 accedunt,
574 1070 655 1096 cum
680 1060 829 1098 Solonis
852 1072 962 1097 unum
987 1060 1046 1106 (fr.
1064 1060 1162 1105 33‚3:
1189 1058 1414 1107 περιβαλώνς
1438 1059 1483 1095 fr.
1508 1059 1586 1102 35,1
1613 1069 1703 1094 non-

172 1117 260 1154 dum
294 1117 431 1154 iustam
467 1117 675 1155 sententiae
711 1121 749 1155 et
784 1129 1017 1155 numerorum
1061 1117 1243 1155 medelam
1282 1117 1461 1165 accepit),
1498 1115 1703 1153 Simonidis

171 1176 369 1222 Amorgini
393 1175 532 1212 nullum
558 1178 699 1212 certum
724 1176 933 1224 exemplum
957 1176 1112 1223 legatur.

287 1234 328 1279 2)
353 1234 396 1270 In
422 1233 599 1281 Cyclopis
623 1234 751 1271 fabula
774 1234 975 1283 Euripides
1000 1245 1074 1271 non
1105 1234 1213 1271 modo
1247 1233 1400 1271 comicis
1432 1232 1603 1280 personis
1633 1232 1702 1277 (sic

171 1291 324 1339 Herm),
348 1291 415 1329 sed
441 1292 553 1329 etiam
576 1292 636 1329 cni
658 1293 825 1340 tragicae
850 1292 1090 1331 sustinendae
1108 1295 1195 1330 sunt
1211 1294 1349 1340 partes,
1374 1291 1475 1328 Ulixi
1492 1290 1703 1327 tribrachos

171 1350 230 1398 (cf.
249 1362 282 1388 v.
299 1350 389 1389 425:
413 1348 456 1387 δὲ
477 1350 608 1399 παρά),
634 1350 802 1400 dactylos
827 1351 889 1400 (cf.
908 1364 942 1389 v.
960 1352 1023 1389 99:
1048 1351 1208 1399 Βρομίου
1232 1350 1364 1399 πόλιν),
1391 1352 1616 1398 anapaestos
1641 1349 1701 1397 (ef.

170 1421 205 1448 v.
228 1409 313 1446 590:
345 1407 414 1456 ἄγε
437 1408 480 1452 δή
506 1408 680 1445 Διονύσου
704 1409 844 1454 παῖδες,
876 1421 911 1447 v.
936 1410 1022 1447 260:
1053 1408 1135 1446 ἐπεὶ
1166 1408 1392 1456 κατελήφθη)
1425 1409 1607 1453 attribuit,
1639 1408 1704 1454 qui

169 1466 375 1503 laxioribus
399 1466 560 1503 numeris
577 1466 741 1503 eminent
754 1467 947 1514 magisque
973 1467 1021 1503 ad
1048 1467 1264 1504 comoediae
1288 1466 1501 1503 libertatem
1524 1465 1702 1502 acceden-

169 1525 283 1569 tibus,
307 1524 374 1561 sed
399 1524 571 1561 attribuit
596 1536 643 1560 ea
667 1525 881 1562 conditione
905 1528 947 1562 nt
971 1524 1081 1562 simul
1104 1525 1255 1561 heroem
1286 1524 1447 1571 satyrice
1477 1523 1701 1570 loquentem,

171 1582 341 1619 cothurni
362 1582 500 1628 tragici
523 1582 629 1629 quasi
653 1582 932 1620 obliviseentem
956 1582 1119 1620 inducat.

287 1640 324 1684 3)
360 1640 462 1675 Inter
495 1640 742 1687 Antiphontis
777 1640 997 1687 teti-alogias
1034 1644 1073 1677 et
1109 1641 1296 1677 orationes
1333 1652 1428 1687 quae
1468 1641 1702 1677 intercedunt

170 1697 391 1734 elocutionis
415 1712 459 1724 —·
484 1708 570 1734 nam
595 1700 860 1752 argumentum
875 1708 949 1735 non
978 1698 1054 1734 iam
1085 1700 1302 1746 suspectum
1333 1698 1480 1734 videtur
1506 1719 1540 1724 —
1573 1698 1700 1734 discri-

170 1756 272 1792 mina
310 1758 350 1792 et
388 1756 566 1804 temporis
606 1756 802 1793 intervallo
841 1760 880 1794 et
915 1767 961 1793 eo
998 1756 1244 1804 explicantur,
1282 1756 1382 1804 quod
1418 1756 1505 1793 illae
1543 1767 1615 1793 non
1652 1756 1701 1792 ad

170 1813 454 1861 intelligentiam
467 1812 657 1861 vulgarem
671 1813 983 1858 accomodandae,
1000 1814 1066 1851 sed
1080 1824 1206 1850 eorum
1222 1814 1260 1850 in
1276 1824 1382 1851 usum
1403 1814 1566 1861 scriptae
1584 1817 1702 1857 erant,

171 1873 236 1919 qui
259 1875 425 1909 oratores
456 1873 602 1909 evasuri
629 1872 718 1910 inde
747 1874 941 1910 materiam
973 1875 1161 1910 sumerent
1189 1873 1332 1919 ingenii
1361 1873 1559 1910 exercendi
1589 1875 1701 1919 atque

170 1932 389 1977 argumenta
420 1940 494 1966 non
523 1930 644 1967 minus
681 1942 792 1978 quam
824 1934 1016 1968 externam
1047 1931 1201 1967 formam
1232 1931 1411 1967 imitando
1441 1931 1700 1978 exprimerent.

169 1989 302 2035 Itaque
328 1999 412 2025 cum
436 1988 475 2024 in
499 1988 836 2026 declamationibus
862 1990 1107 2038 Antiphontis
1139 1989 1287 2026 dicendi
1316 1991 1355 2025 et
1386 1989 1576 2036 cogitandi
1606 1989 1701 2025 anti-

170 2046 293 2092 quitas
332 2048 372 2081 et
412 2045 572 2081 altitudo
608 2048 719 2093 atque
754 2057 932 2082 novorum
968 2049 1007 2083 et
1041 2047 1270 2094 poeticorum
1306 2047 1500 2083 verborum
1537 2047 1700 2093 captatio

169 2104 322 2142 liberius
347 2103 534 2142 exsultare
559 2115 633 2141 non
657 2104 767 2142 modo
791 2105 964 2154 potuerit,
990 2104 1057 2143 sed
1075 2105 1186 2143 etiam
1212 2104 1393 2150 debuerit,
1419 2116 1464 2142 eo
1486 2103 1701 2142 referendus

169 2165 228 2199 est
250 2162 516 2210 particularum
538 2173 578 2198 τε
600 2190 610 2200 .
635 2190 644 2200 .
668 2174 707 2198 τε
730 2174 819 2200 usus
836 2164 1015 2210 poeticus,
1041 2174 1113 2210 quo
1139 2174 1212 2200 non
1237 2164 1356 2200 solum
1371 2167 1414 2199 ut
1437 2164 1536 2211 apud
1553 2167 1700 2200 ceteros

169 2222 336 2257 oratores
360 2219 424 2266 (cf.
441 2219 554 2257 Fuhr.
575 2219 624 2257 M.
637 2220 708 2258 Rh.
726 2220 798 2258 vol.
810 2221 870 2268 33)
894 2231 932 2257 τε
954 2220 1020 2257 καί
1040 2221 1248 2269 particulae
1265 2221 1498 2266 coniunctae,
1523 2220 1591 2258 sed
1615 2231 1701 2258 con-

167 2279 310 2316 iunctio
335 2289 492 2326 quoque,
518 2290 615 2326 quae
631 2290 698 2327 per
720 2289 757 2314 ἰε
781 2307 791 2317 .
816 2307 825 2317 .
851 2307 861 2316 .
884 2280 950 2315 καί
973 2280 1141 2324 efficitur,
1166 2291 1312 2328 semper
1328 2280 1405 2316 fere
1428 2282 1704 2328 compensatur.

285 2338 322 2383 4)
346 2336 529 2374 Historici
560 2336 728 2384 quamvis
760 2336 849 2374 licet
884 2340 1102 2375 asseverent
1136 2338 1393 2375 Maecenatem
1424 2348 1509 2375 cum
1540 2338 1700 2374 Horatio

168 2395 207 2431 in
231 2405 373 2432 summo
395 2394 490 2432 belli
512 2394 664 2432 Actiaci
680 2394 894 2432 discrimine
911 2395 949 2431 in
966 2396 1056 2432 urbe
1074 2395 1255 2440 adfuisse3
1280 2395 1489 2433 firmissime
1513 2396 1583 2432 hoc
1606 2395 1700 2432 refu-

166 2454 270 2490 tatur
292 2453 419 2491 sobria
442 2453 642 2502 epodorum
669 2455 686 2490 1
714 2456 753 2490 et
776 2454 798 2491 9
824 2453 1016 2501 (imprimis
1040 2465 1097 2491 vv.
1125 2456 1156 2499 l,
1175 2455 1324 2499 11-16,
1350 2456 1404 2499 17,
1423 2455 1483 2501 35)
1501 2457 1540 2491 et
1557 2454 1700 2501 elegiae

167 2511 217 2548 A.
246 2511 291 2547 L.
320 2512 388 2548 ‘179
420 2511 749 2559 interpretatione;
786 2511 852 2548 sed
887 2511 985 2548 enim
1025 2511 1194 2548 nonnulli
1234 2512 1458 2560 interpretes
1500 2513 1700 2549 novissime

167 2569 279 2617 epodi
304 2570 394 2607 noni
416 2569 492 2606 vim
516 2569 680 2606 nativam
704 2569 984 2617 interpretando
1007 2570 1119 2618 plane
1144 2570 1385 2617 infregerunt.

283 2629 322 2673 5)
347 2628 519 2664 Eundem
555 2639 639 2665 esse
674 2627 844 2665 Macrum
879 2627 1101 2665 Ovidiannm
1137 2628 1282 2666 niam
1314 2629 1377 2676 qui
1407 2632 1563 2666 vocatur
1586 2632 1699 2677 atque

167 2685 218 2724 M,
235 2684 453 2734 Pompeium
475 2686 668 2723 Juniorem
692 2685 1046 2734 epigrammatistam
1069 2686 1251 2735 imprimis
1268 2697 1315 2723 ex
1331 2687 1598 2735 epigrammate
1615 2699 1699 2736 pro-

167 2746 287 2789 batur,
312 2744 411 2790 quod
440 2744 501 2780 hic
531 2744 579 2781 de
609 2744 771 2781 exilibus
800 2745 978 2791 Mycenes
1009 2744 1224 2782 Homericae
1247 2745 1413 2792 reliquiis
1439 2746 1608 2782 condidit
1633 2747 1698 2788 (Δ.
