2051 3140
836 197 1096 254 -5-.

204 323 318 368 enim
347 324 392 368 iu
423 323 596 370 dubium
626 324 816 370 revocari
852 329 1004 382 potest,
1041 324 1143 381 quin
1178 320 1471 379 lexicographi
1511 319 1644 364 verba
1680 317 1735 363 de

206 394 398 453 carmine
427 393 612 452 quodam
642 393 863 441 Parthenii
890 391 1150 450 Grinagorae
1178 390 1319 437 dicato
1351 388 1609 449 accipienda
1637 389 1734 433 sint.

204 462 457 510 Huiusmodi
485 467 700 522 poemata,
731 476 841 521 quae
874 462 1054 507 aliorum
1083 465 1308 520 poetarum
1338 460 1517 506 nomina
1546 471 1652 518 prae
1689 471 1737 502 se

204 531 359 591 ferunt,
389 547 476 580 non
506 546 602 580 raro
633 532 1019 580 Alexandrinorum
1049 532 1313 591 temporibus
1351 545 1403 576 ac
1441 528 1596 590 postea
1633 542 1737 574 con-

204 602 428 661 debantur,
473 605 594 650 cuius
639 602 960 650 consuetudinis
1002 602 1244 648 Meinekius
1289 601 1495 646 nonnulla
1538 598 1739 657 exempla

204 672 395 719 contulit,
440 672 564 718 Unde
583 674 784 731 sequitur,
805 678 853 718 ut
868 672 1125 729 Grinagoras
1143 671 1360 716 Parthenii
1383 670 1573 727 aequalis
1595 668 1737 724 fuerit,

205 741 287 787 hoc
334 747 564 801 propterea
612 743 755 800 magni
808 742 1014 788 momenti
1062 746 1141 796 est,
1197 739 1313 798 quod
1360 739 1578 785 Parthenii
1624 739 1737 783 vitae

205 812 390 870 spatium
409 811 518 857 duce
534 812 748 858 Meinekio
765 816 883 857 certo
902 811 1189 856 determinare
1199 823 1440 868 possumus.
1468 808 1603 853 Huius
1617 808 1738 852 locus

205 880 423 939 classicae,
453 895 579 940 quem
610 881 771 938 dicunt,
801 879 1024 927 habendus
1046 884 1113 926 est
1131 878 1290 925 Suidae
1311 878 1366 925 de
1386 878 1615 925 Parthenio
1636 881 1741 924 nota

204 951 399 1010 limpido,
429 957 476 997 ut
505 952 684 1008 videtur,
716 966 771 996 ex
799 952 918 996 fonte
938 950 1114 1004 hausta.
1175 949 1310 1003 Quem
1340 955 1557 995 auctorem
1589 954 1636 993 ut
1670 962 1740 993 se-

206 1034 399 1079 quamur,
429 1021 683 1066 Parthenius
714 1020 900 1066 Nicaeae
930 1025 1008 1065 aut
1036 1020 1230 1079 Myrleae
1266 1024 1392 1065 natus
1430 1019 1544 1064 bello
1575 1018 1739 1063 Mithri-

207 1090 349 1135 datico
370 1090 425 1134 ab
444 1091 703 1148 imperatore
725 1089 910 1147 quodam
931 1089 1126 1135 Romano
1147 1092 1298 1148 captus
1319 1087 1500 1134 Romam
1532 1087 1741 1131 deductus

207 1164 286 1214 est,
317 1156 432 1216 quod
461 1172 500 1204 a.
523 1159 607 1203 681
640 1172 679 1204 a.
702 1174 744 1203 u.
774 1159 935 1205 factum
956 1160 1014 1205 sit
1033 1172 1212 1212 necesse
1239 1164 1317 1204 est.
1378 1157 1503 1210 Quod
1534 1156 1741 1214 deinceps

207 1227 362 1272 Suidas
391 1227 582 1286 prodidit
618 1232 806 1274 aetatem
833 1228 1051 1274 Parthenii
1071 1241 1206 1287 usque
1236 1227 1295 1273 ad
1324 1227 1483 1273 Tiberii
1509 1227 1738 1286 imperium

207 1299 483 1356 processisse,
500 1298 581 1343 hoc
601 1313 698 1343 eum
721 1312 806 1344 non
827 1303 944 1344 recte
964 1298 1183 1344 rettulisse
1202 1299 1271 1343 vel
1290 1298 1392 1342 inde
1413 1302 1609 1355 apparet,
1626 1297 1740 1353 quod

206 1366 476 1425 Parthenius,
507 1368 543 1412 si
574 1368 823 1413 vicesimum
853 1381 1014 1413 annum
1044 1371 1247 1426 agentem
1285 1381 1383 1413 eum
1415 1366 1610 1424 facimus,
1643 1380 1738 1412 cum

208 1437 387 1482 Romam
418 1439 547 1493 venit,
579 1451 618 1481 a.
651 1439 750 1493 767,
781 1452 863 1495 quo
893 1438 1088 1483 Tiberius
1118 1438 1176 1483 ad
1205 1440 1267 1482 rei
1296 1438 1498 1496 publicae
1528 1438 1741 1493 guberna-

207 1506 306 1551 cula
334 1507 531 1562 accessit,
562 1507 659 1565 plus
692 1507 775 1551 107
806 1521 943 1554 annos
973 1512 1100 1554 natus
1130 1512 1237 1564 erat,
1275 1507 1322 1552 id
1359 1507 1473 1565 quod
1511 1506 1743 1552 verisimile

206 1588 292 1620 non
336 1579 417 1621 est.
478 1574 626 1633 Neque
661 1581 807 1621 tamen
844 1577 974 1636 plane
1013 1591 1068 1622 ex
1104 1591 1216 1623 vano
1262 1576 1461 1622 haustum
1509 1582 1589 1632 est,
1628 1575 1742 1633 qnod

208 1644 363 1690 Suidas
383 1650 550 1701 narrat3
573 1659 673 1690 nam
697 1659 898 1694 manasse
920 1646 1087 1692 videtur
1106 1661 1161 1692 ex
1178 1647 1370 1692 Suetonii
1391 1647 1479 1691 vita
1498 1645 1589 1691 Tib.
1614 1659 1650 1690 c.
1674 1646 1744 1701 70,

216 1727 300 1771 quo
329 1713 543 1760 Tiberium
575 1713 795 1760 Parthenii
831 1716 1090 1762 carminibus
1126 1717 1314 1760 maxime
1352 1712 1611 1761 delectatum
1649 1728 1744 1760 esse

208 1783 409 1829 traditur.
456 1783 605 1840 ltaque
635 1798 721 1829 non
753 1785 1003 1842 imperatori
1034 1783 1217 1839 Tiberio,
1248 1784 1325 1829 sed
1355 1787 1619 1829 adulescenti
1647 1797 1744 1828 cum

212 1851 441 1898 Parthenio
472 1866 576 1898 sene
605 1852 870 1899 consuetudo
901 1858 995 1899 erat
1027 1853 1266 1899 familiaris.
1326 1852 1416 1899 Iam
1452 1852 1745 1911 quaerendum

215 1928 295 1978 est,
326 1922 429 1979 quid
459 1937 515 1967 ex
545 1924 790 1967 testimonio
810 1922 1098 1981 Etymologici
1117 1923 1233 1968 Max.
1263 1924 1420 1968 elicere
1447 1925 1660 1985 possimus
1691 1923 1747 1967 ad

215 1991 475 2050 Grinagorae
519 1997 705 2039 aetatem
751 1992 1138 2041 determinandam.
1199 1993 1368 2040 Tiberio
1413 1995 1671 2053 imperatore
1711 1994 1748 2039 si

214 2063 468 2109 Parthenius
534 2064 649 2109 ultra
712 2064 992 2110 centesimum
1064 2078 1222 2110 annum
1293 2078 1545 2123 progressus
1621 2071 1748 2121 esset,

215 2135 346 2181 etiam
392 2132 660 2191 Grinagoras,
707 2135 799 2181 eius
843 2135 1025 2193 amicus,
1075 2136 1162 2181 iam
1215 2140 1479 2182 senectutem
1524 2136 1748 2192 attigisset,

216 2205 299 2250 nisi
335 2205 444 2249 sorte
480 2204 763 2261 quadraginta
807 2206 933 2251 annis
970 2206 1111 2251 minor
1146 2210 1250 2250 natu
1286 2206 1378 2250 fuit.
1440 2205 1588 2264 Neque
1623 2206 1752 2262 igitur

215 2280 380 2321 temere
439 2279 674 2320 statuemus
734 2275 1013 2333 Grinagoram
1080 2274 1273 2322 floruisse
1339 2276 1492 2322 saltem
1557 2277 1750 2332 Augusto

217 2349 437 2401 regnante.
499 2343 611 2389 Num
657 2344 970 2402 aliquantulum
1013 2345 1280 2403 insequentis
1313 2346 1486 2405 imperii
1531 2346 1618 2390 vita
1662 2346 1752 2390 eius

219 2414 525 2472 perduraverit,
565 2428 651 2460 non
686 2415 840 2472 liquet3
880 2409 960 2461 sed
996 2416 1034 2460 si
1071 2415 1200 2460 certis
1237 2415 1408 2461 indiciis
1445 2415 1603 2461 Tiberii
1648 2429 1752 2472 quo-

220 2497 303 2542 que
332 2486 466 2531 aetati
496 2485 751 2543 assignetur,
782 2498 860 2545 per
887 2485 1135 2531 testimonia
1164 2490 1345 2533 externa
1378 2486 1462 2533 hoc
1497 2485 1588 2532 fieri
1625 2499 1753 2545 posse

220 2553 377 2601 iudico.

338 2621 488 2683 Neque
522 2625 604 2672 hoc
640 2624 769 2672 modo
806 2626 884 2682 eis,
922 2638 1034 2684 quae
1071 2624 1127 2671 de
1163 2627 1423 2673 testimoniis
1461 2625 1755 2682 disseruimus,

222 2694 486 2754 patefactum
503 2699 583 2751 est,
598 2694 677 2740 sed
690 2696 823 2740 etiam
837 2695 946 2740 illud
960 2709 1038 2754 pro
1055 2700 1171 2741 certo
1189 2696 1403 2741 affirmare
1418 2696 1521 2741 licet
1536 2696 1644 2741 duas
1660 2710 1757 2741 esse

225 2763 484 2821 Grinagorae
514 2764 628 2810 vitae
656 2771 817 2823 partes,
847 2764 1043 2822 alteram,
1075 2778 1166 2824 qua·
1184 2765 1418 2825 Mytilenis,
1448 2766 1643 2823 alteram,
1674 2779 1759 2823 qua

226 2834 389 2881 Romae
418 2833 681 2880 versabatur.
742 2834 867 2888 Quod
896 2834 1130 2883 discrimen
1149 2837 1280 2882 etiam
1300 2838 1345 2882 in
1365 2837 1560 2882 carmina
1587 2835 1757 2892 cadere,
