1964 3053
818 155 1094 196 ,14-

193 282 349 326 macho
384 296 557 326 carmen
589 282 736 326 tribuit
767 282 833 338 (in
864 282 1015 326 notitia
1043 286 1267 340 poetarum
1298 283 1524 340 antiquiori
1555 284 1727 329 cuidam

194 351 488 409 Crinagorae).
535 350 584 396 Id
604 366 706 398 vero
728 353 845 398 omni
874 350 998 398 firmo
1018 351 1297 398 fundamento
1324 366 1471 398 carere
1489 352 1728 400 luculenter

192 423 269 476 eis,
303 437 413 479 quae
441 425 635 466 Passovii
664 428 708 467 et
734 422 959 480 Weiyandi
986 422 1160 480 opera¹)
1198 422 1285 466 iam
1324 422 1379 467 de
1416 423 1727 481 compositione

192 491 478 548 Anthologiae
516 498 716 538 constare
753 491 984 537 dicendum
1023 498 1101 549 est,
1147 491 1477 550 demonstratur,
1515 492 1726 551 siquidem

189 561 271 605 hoc
310 563 577 618 epigramma
614 566 664 607 ut
702 565 844 606 omnia
876 561 1140 619 Crinagorea
1173 563 1218 606 in
1255 563 1458 607 continua
1493 564 1603 607 serie
1633 564 1725 621 epi-

189 635 480 688 grammatum
510 632 680 689 legitur,
712 646 821 690 quae
852 631 1048 678 ordinem
1078 632 1398 691 alphabeticum
1419 637 1653 690 sequuntur
1683 638 1727 679 et

188 703 242 745 ab
283 704 422 760 poetis
463 701 725 759 Crinagorae
762 703 894 748 aetati
931 703 1138 761 proximis
1178 702 1353 747 condita
1395 708 1506 747 sunt.
1581 701 1724 748 Nihilo

189 773 329 816 minus
363 772 551 817 Geistius
580 773 610 816 l.
642 773 670 818 1.
709 774 976 831 epigramma
1005 771 1266 829 Grinagorae
1296 773 1576 824 abiudicarat‚
1613 774 1724 818 anti-

190 843 313 899 quius
345 843 399 886 ab
431 842 556 887 huius
587 846 765 888 auctore
802 857 1053 901 expressum
1091 845 1220 900 atque
1258 845 1445 887 erratum
1483 856 1578 888 esse
1608 848 1724 888 ratus

186 912 228 958 in
250 917 409 968 poetae
424 913 618 965 nomine3
641 913 718 956 sed
738 918 892 970 postea
908 913 969 967 (Z.
987 913 1016 955 f.
1034 912 1074 956 d.
1092 911 1210 957 A.W.
1230 913 1357 965 1849,
1372 913 1451 968 40)
1480 913 1575 969 ipse
1605 913 1724 957 illam

187 981 434 1039 opinionem
467 981 625 1025 abiecit
656 988 699 1026 et
729 995 782 1025 ea
813 982 1119 1040 compensavit,
1151 994 1280 1039 quam
1310 980 1631 1039 Hullemanus²)
1669 980 1724 1026 de

187 1051 388 1095 carminis
427 1065 560 1095 causa
595 1051 683 1094 iam
714 1065 761 1094 a.
804 1052 915 1094 1845
953 1056 1222 1108 conceperat.
1284 1051 1366 1096 Hic
1402 1052 1516 1095 enim
1552 1052 1723 1109 nuptias

187 1119 328 1164 Jubae
359 1124 403 1164 et
424 1120 680 1178 Cleopatrae
713 1119 844 1176 (Plut.
876 1120 904 1164 l.
936 1120 977 1176 l.‚
1009 1119 1135 1164 Dion.
1167 1121 1237 1176 51,
1272 1119 1345 1176 15)
1376 1133 1404 1164 a
1432 1124 1562 1178 poeta
1591 1120 1724 1178 signi-

184 1191 305 1234 ficari
352 1204 428 1234 suo
473 1191 564 1235 iure
611 1191 788 1234 monuit.
866 1190 1148 1246 Kiesslingius
1194 1190 1241 1247 (l.
1279 1190 1345 1246 l.)‚
1391 1190 1463 1247 qui
1501 1189 1724 1235 Parisinae

186 1258 387 1304 editionis
439 1259 713 1315 indiligentia
763 1260 968 1317 deceptus
1012 1260 1131 1303 illam
1177 1260 1432 1304 sententiam
1477 1264 1525 1304 ut
1567 1273 1723 1305 novam

184 1329 361 1386 profert,
392 1329 437 1372 in
468 1329 675 1373 auxilium
706 1329 886 1384 vocavit,
919 1341 1027 1385 quae
1059 1328 1350 1374 Mommsenus
1382 1328 1437 1373 de
1467 1328 1533 1384 his
1563 1330 1723 1387 nuptiis

192 1404 236 1443 et
265 1398 320 1443 de
351 1413 483 1454 regno
516 1398 645 1443 lubae
676 1400 721 1442 in
751 1398 860 1456 Eph.
894 1413 960 1456 ep.
984 1398 1066 1443 vol.
1088 1397 1118 1442 Ι.
1141 1413 1182 1456 p.
1205 1400 1291 1444 276
1323 1398 1538 1455 disseruit,
1570 1399 1722 1456 quibus

188 1473 404 1514 constaret
435 1482 474 1512 a.
508 1469 594 1511 734
642 1468 870 1513 sollemnia
912 1467 989 1512 illa
1033 1471 1133 1513 acta
1177 1467 1415 1526 eodemque
1457 1469 1725 1527 epigramma

185 1539 471 1596 compositum
504 1552 612 1582 esse.
653 1537 864 1583 Universa
894 1539 1124 1593 sententia,
1155 1539 1218 1582 uti
1239 1537 1342 1592 dixi,
1362 1538 1467 1582 mihi
1496 1539 1722 1596 probatu13

183 1622 286 1652 nam
319 1608 355 1653 si
387 1608 482 1666 quis
519 1608 564 1652 in
602 1607 846 1653 nominibus
884 1606 1183 1666 geographicis
1222 1606 1425 1664 offendat,
1464 1606 1722 1653 Graeculum

182 1678 309 1733 hunc,
349 1691 607 1733 quamquam
648 1679 811 1721 amicus
848 1678 928 1721 fuit
964 1677 1170 1735 Menippi,
1207 1682 1344 1721 artem
1390 1678 1722 1735 geographicam

183 1761 272 1791 non
304 1746 537 1792 admodum
569 1746 729 1792 callere
767 1749 939 1805 reputet
978 1746 1052 1804 (cf.
1082 1746 1195 1791 infra
1223 1761 1266 1805 p.
1296 1747 1388 1804 22).
1448 1746 1590 1792 Aliam
1619 1761 1721 1793 vero

182 1831 262 1862 nos
303 1821 433 1874 atque
472 1832 539 1862 vv.
578 1816 650 1862 dd.
690 1817 937 1875 opinionem
974 1818 1118 1862 animo
1158 1817 1405 1862 imbibimus
1443 1816 1498 1862 de
1528 1822 1721 1876 tempore

182 1887 351 1931 illarum
396 1887 661 1944 nuptiarum,
694 1900 814 1943 quas,
845 1891 893 1931 ut
929 1885 1100 1932 Niesius
1130 1886 1176 1942 (l.
1207 1886 1235 1931 l.
1266 1901 1309 1944 p.
1342 1888 1411 1931 35.
1443 1888 1562 1941 ann.)
1582 1886 1721 1932 Jubae

181 1961 376 2012 mortem,
422 1957 528 2000 item
572 1960 750 2014 propter
795 1956 935 2001 Strab.
974 1956 1003 2000 1.
1035 1955 1155 2000 XVII
1186 1968 1228 2013 p.
1262 1956 1387 2013 828³)
1439 1957 1617 2015 propius
1663 1957 1721 2002 ad

179 2029 310 2071 initia
347 2027 470 2082 regni
506 2026 823 2084 protrudendas
860 2040 957 2071 esse
994 2027 1302 2071 existimamus.
1337 2051 1390 2057 -—
1427 2025 1498 2070 Ad
1535 2026 1720 2072 eandem

184 2096 467 2153 Cleopatram,
499 2109 629 2153 quam
655 2095 765 2140 Plut.
790 2097 868 2152 (ib.
893 2109 929 2140 c.
952 2096 1027 2153 36)
1049 2100 1093 2140 et
1112 2095 1280 2152 Suidas,
1313 2096 1371 2152 (s.
1403 2110 1442 2140 v.
1469 2096 1644 2153 Ἰόβαςε.
1670 2130 1680 2140 .
1707 2130 1717 2140 .

180 2168 252 2224 τὴν
290 2167 548 2226 Κλεοπάτρας
585 2167 794 2226 θυγατέρα,
833 2166 1078 2225 Σελήνην,
1119 2200 1128 2210 .
1164 2200 1174 2209 .
1210 2200 1219 2210 .
1254 2200 1264 2209 .
1305 2167 1505 2225 ἐπεποίητο
1542 2167 1718 2226 γυναῖκα)

182 2237 366 2283 Selenen
412 2238 679 2296 appellatam
724 2252 821 2283 esse
866 2237 1056 2293 tradunt,
1103 2237 1160 2282 ad
1205 2237 1317 2283 hanc
1361 2239 1490 2295 igitur
1529 2238 1718 2284 Geistius

179 2307 238 2363 (Z.
262 2308 291 2352 f.
316 2307 357 2354 d.
380 2308 433 2353 A.
463 2306 528 2353 W.
563 2308 691 2366 1849,
726 2308 803 2366 40)
849 2307 998 2354 referri
1042 2307 1224 2354 fortasse
1267 2321 1395 2367 posse
1443 2307 1718 2367 significavit,

192 2378 437 2423 Woltersius
468 2382 615 2424 autem
637 2378 767 2434 (Mus.
789 2378 925 2423 Rhen.
947 2378 1030 2423 vol.
1052 2380 1123 2435 41,
1143 2392 1186 2436 p.
1208 2379 1310 2433 345)
1335 2378 1450 2423 illius
1472 2379 1719 2437 opinionem

298 2504 323 2550 ¹)
348 2505 419 2541 Ille
444 2505 483 2541 in
501 2504 724 2552 „opusculis
743 2505 1021 2548 Academicis“,
1038 2505 1100 2542 hic
1123 2505 1162 2541 in
1186 2505 1284 2542 Mus.
1300 2505 1418 2542 Rhen.
1435 2516 1469 2543 a.
1492 2505 1581 2542 1845
1606 2507 1646 2542 et
1660 2507 1718 2544 47.

294 2562 325 2606 2)
353 2562 434 2607 „De
471 2563 549 2598 vita
585 2565 623 2598 et
659 2563 807 2610 scriptis
843 2563 967 2600 Jubae
1004 2562 1185 2599 Maurusii
1222 2562 1463 2610 disputatio‘u
1517 2563 1718 2610 Symbolae

178 2620 367 2657 literariae
401 2620 596 2657 doctorum
622 2620 755 2668 Gymn.
780 2621 912 2657 Batav.
937 2620 1030 2658 fasc.
1055 2621 1087 2658 7.
1111 2620 1266 2657 Librum
1290 2620 1412 2667 ipsum
1437 2620 1620 2669 inspicere
1642 2632 1719 2659 non

176 2681 325 2782 penu-³)
345 2733 481 2784 Ἰούβας
503 2733 577 2784 μὲν
602 2731 670 2773 οὖν
699 2736 859 2774 νεωστὶ
882 2735 1045 2774 ἐτελεύτα
1074 2734 1136 2773 τὸν
1158 2735 1258 2783 filum·
1281 2736 1420 2774 nummi
1449 2746 1531 2774 cum
1560 2739 1718 2784 utraque

178 2795 365 2833 sententia
389 2795 489 2832 coire
515 2795 688 2832 videntur
