2051 3140
832 175 1124 219 -21-

761 310 953 362 Harma
986 310 1191 360 variana.

332 396 544 445 Mantisae
562 395 657 442 loco
677 394 812 441 fusius
832 386 1044 447 disserere
1064 406 1151 439 non
1165 392 1331 452 pigebit
1358 390 1489 437 etiam
1506 390 1561 435 de
1582 387 1750 434 duobus

216 465 280 515 eis
314 466 648 529 epigrammatis,
687 478 866 523 quorum
911 475 1042 509 causa
1077 461 1370 508 Mommscnus
1413 461 1576 517 libello,
1623 473 1750 517 quem

215 537 386 598 saepius
414 538 505 583 iam
522 534 809 591 laudavimus,
830 531 1115 592 appendicem
1140 530 1196 578 de
1217 531 1451 589 Crinagora
1480 530 1651 576 adiecit
1685 529 1750 574 Ac

215 608 401 666 primum
431 605 604 664 quidem
633 604 689 650 de

790 661 1092 719 epiqranvrnate
1121 657 1185 703 33

215 747 254 779 v.
285 733 328 778 d.
359 733 570 778 assentior
599 733 791 785 eatenus,
822 732 869 773 ut
897 726 1022 773 clade
1042 727 1229 785 quadam
1261 741 1288 772 a
1313 727 1539 773 Germanis
1569 730 1750 784 accepta

215 800 262 846 id
303 801 489 845 excitum
527 797 624 845 esse
660 801 820 857 putem.
894 796 1093 842 Profecto
1130 796 1302 854 egregie
1340 800 1383 841 et
1423 795 1577 841 melius
1623 808 1748 852 quam

217 883 273 915 ex
289 869 543 927 scriptorum
566 868 827 923 narratione,
843 867 881 912 si
897 866 969 923 qui
990 865 1175 911 eundem
1206 879 1355 911 casum
1375 865 1630 921 rettulerint,
1650 864 1752 909 hinc

216 938 371 996 elucet,
416 938 554 997 qualis
593 938 758 984 Romae
801 941 893 983 tum
937 935 1065 982 fuerit
1107 935 1279 983 habitus
1324 936 1577 992 animorum,
1623 948 1750 993 quam

217 1010 404 1065 graviter
432 1009 581 1053 nuntio
609 1007 686 1052 illo
715 1007 1009 1052 funestissimo
1030 1007 1227 1052 concussi
1256 1007 1354 1052 sint.
1416 1005 1503 1050 Sed
1531 1006 1568 1051 si
1590 1010 1752 1050 certam

217 1078 488 1123 occasionem
509 1076 841 1136 epigrammatis
870 1075 984 1122 illius
1018 1076 1239 1134 ingenium
1269 1089 1369 1122 vere
1404 1075 1622 1135 poeticum
1650 1088 1751 1134 pro-

216 1146 357 1190 dentis
410 1146 839 1203 circumspectemus,
892 1150 979 1190 non
1031 1145 1089 1189 ad
1139 1145 1309 1190 cladem
1364 1145 1596 1189 Varianam
1653 1157 1749 1188 cum

217 1212 483 1261 Mommseno
529 1213 853 1272 decurrerimuS,
907 1213 985 1261 sed
1029 1214 1086 1261 ad
1131 1213 1453 1275 expeditionem
1502 1212 1753 1261 Gernwnici

217 1298 330 1330 anno
364 1278 451 1329 769
480 1288 727 1342 susceptam
762 1284 879 1340 (cum
914 1285 1145 1329 Johmonio
1180 1286 1226 1329 in
1253 1285 1497 1329 Boschiana
1526 1278 1633 1340 cdj,
1665 1297 1750 1339 qua

218 1368 272 1400 ex
301 1358 559 1413 tempestate
589 1367 758 1400 summa
787 1353 1013 1399 calamitas
1042 1367 1096 1399 ac
1124 1367 1265 1413 paene
1297 1354 1511 1413 pernicies
1545 1352 1751 1399 Romanis

218 1427 364 1468 exorta
408 1427 488 1468 est.
515 1423 518 1425 ’
555 1422 704 1480 Neque
740 1423 855 1466 enim
890 1422 1099 1467 translate
1135 1422 1191 1468 de
1227 1423 1399 1482 populis
1437 1423 1494 1467 ad
1531 1422 1752 1467 Oceanum

217 1492 509 1538 habitantibus
529 1492 716 1551 primum
747 1506 919 1537 versum
939 1492 1190 1551 accipimus,
1220 1492 1300 1538 sed
1325 1492 1380 1538 de
1409 1493 1567 1538 infesta
1590 1492 1750 1539 Oceani

216 1562 350 1620 ipsius
379 1562 436 1618 vi,
467 1562 535 1606 cui
566 1560 793 1606 commode
829 1561 1036 1607 subicitur
1073 1562 1310 1622 periculum
1347 1575 1376 1607 a
1405 1561 1631 1608 Germanis
1668 1563 1748 1606 im-

216 1631 427 1691 pendens,
447 1632 484 1677 si
504 1627 653 1677 Rheno
675 1635 801 1689 epoto
823 1632 1011 1691 (ἅπαντα)
1032 1633 1077 1677 in
1097 1632 1266 1692 imperii
1287 1632 1470 1678 Romani
1495 1633 1602 1678 fines
1623 1632 1750 1678 facile

216 1705 446 1761 penetrare
480 1702 659 1761 possint.
719 1699 768 1745 Id
803 1707 947 1748 autem
983 1702 1092 1748 nihil
1128 1703 1368 1748 nociturum
1405 1717 1500 1749 esse
1530 1702 1749 1760 Romanis,

219 1771 421 1829 quamdiu
465 1771 616 1816 fideles
663 1784 758 1815 csse
808 1775 1147 1830 perseverarent·
1177 1772 1355 1817 Caesari
1404 1772 1611 1829 (Tiberio,
1662 1787 1749 1818 non

218 1840 490 1897 Germanico,
521 1846 569 1886 ut
598 1839 806 1887 Johnson.
838 1841 976 1900 dicit).
1021 1841 1078 1887 Et
1112 1847 1230 1887 recte
1264 1843 1521 1888 vaticinatus
1558 1847 1625 1888 est
1655 1842 1750 1888 Gri-

218 1923 423 1968 nagoras3
458 1910 505 1955 id
534 1910 770 1955 illustratur
805 1910 942 1957 Taciti
978 1912 1133 1968 verbis,
1179 1911 1330 1968 quibus
1375 1924 1505 1969 quam
1552 1912 1752 1957 celeriter

218 1981 400 2028 Romani
430 1995 478 2027 se
508 1980 783 2038 collegissent
808 1980 961 2027 eodem
992 1995 1119 2039 anno,
1141 1981 1378 2027 clarissime
1409 1981 1630 2038 describit,
1651 1996 1749 2028 cum

219 2051 457 2098 Germanos
491 2051 791 2110 praedicantes
821 2051 925 2097 facit
955 2052 1078 2109 (ann.
1109 2050 1147 2097 11
1172 2052 1272 2109 25)=
1306 2053 1514 2109 „invictos
1530 2056 1591 2098 et
1621 2053 1750 2099 nullis

219 2123 389 2168 casibus
410 2121 674 2180 superabiles
694 2121 925 2179 Romanos,
957 2123 1027 2180 qui
1045 2124 1219 2181 perdita
1239 2125 1384 2179 classe,
1406 2123 1577 2168 amissis
1598 2124 1749 2180 armis,

218 2198 318 2251 post
347 2196 566 2237 constrata
595 2205 798 2248 equorum
834 2193 1105 2250 virorumque
1148 2193 1396 2251 corporibus
1433 2193 1560 2238 litora
1595 2193 1750 2238 eadem

219 2262 388 2319 virtute,
418 2261 511 2320 pari
532 2260 693 2306 ferocia
721 2265 766 2306 et
789 2261 906 2306 velut
934 2262 1051 2307 aucti
1080 2275 1258 2308 numero
1288 2263 1594 2321 inrupissent.“
1640 2262 1751 2309 Item

218 2331 348 2391 paulo
378 2331 504 2377 aliter
532 2344 585 2376 ac
613 2329 904 2378 Mommsenus
934 2331 1072 2377 sentio
1102 2331 1158 2376 de

779 2403 1080 2459 epiqrammate
1109 2402 1186 2457 24,

226 2468 342 2529 quod
361 2468 417 2515 ad
449 2468 633 2516 eandem
655 2468 824 2516 cladem
845 2470 910 2516 vir
939 2469 1214 2518 doctissimus
1239 2472 1388 2518 referri
1410 2472 1507 2518 vult
1550 2472 1751 2528 Carmine

220 2554 306 2586 non
337 2541 505 2597 exiguis
535 2541 650 2586 vitiis
679 2541 922 2586 traditionis
956 2541 1191 2600 implicato,
1213 2556 1391 2601 quorum
1420 2544 1557 2588 maior
1576 2544 1749 2601 quidem

219 2623 321 2670 pars
358 2609 541 2657 feliciter
570 2624 598 2657 a
633 2609 835 2657 Jacobsio
866 2610 1039 2658 sublata
1072 2614 1187 2671 sunt,
1217 2613 1342 2661 miles
1379 2612 1552 2672 quidam
1580 2612 1755 2661 Italicus

221 2680 477 2737 celeliratur,
523 2682 593 2738 qui
637 2680 885 2726 fortitudine
928 2694 1009 2726 sua
1056 2684 1250 2741 aquilam
1294 2684 1506 2729 exercitus
1551 2684 1753 2730 servavit.

222 2749 425 2796 Omnium
466 2752 709 2809 temporum
747 2750 1000 2797 fortissimos
1037 2750 1190 2799 heroas
1225 2758 1355 2813 poeta
1389 2754 1577 2810 invocat,
1612 2767 1757 2800 coram

221 2820 374 2879 quibus
409 2819 576 2867 facinus
612 2820 833 2867 bellatoris
871 2821 985 2868 illius
1029 2821 1281 2871 laudaturus
1325 2829 1404 2871 est.
1473 2823 1608 2877 Quem
1660 2838 1758 2871 cum
