1964 3053
899 180 1189 222 ..42-

273 308 511 366 pauciores,
530 311 679 351 contra
693 322 826 350 unum
844 305 1069 352 dumtaxat
1084 310 1247 351 certum
1263 305 1507 352 trochaicae
1527 306 1811 365 correptionis

275 378 518 434 exemplum
551 375 621 432 (A.
646 375 693 421 P.
716 375 798 420 ΧΠ
827 377 963 433 53,3).
1024 376 1145 421 Idem
1182 374 1300 421 cadit
1336 376 1381 421 in
1411 376 1686 435 Antipatrum
1706 375 1811 432 sid„

274 448 346 505 qui
376 451 472 491 octo
504 445 741 505 dactylicas
771 446 1064 505 correptiones
1095 445 1176 492 sibi
1205 444 1396 503 indulsit,
1425 446 1646 493 trochaica
1682 446 1812 505 plane

273 518 478 562 abstinuit
486 534 498 572 ;
535 516 650 560 idcm
688 518 734 560 in
772 516 1071 561 Philodemum
1115 530 1282 574 quoque
1327 521 1371 562 et
1413 518 1458 561 in
1493 515 1811 576 Apollonidam,

272 586 496 643 aequalem
539 585 815 645 Orinaqorae.
875 585 957 631 Hic
1001 600 1102 632 vero
1147 587 1194 632 in
1239 600 1319 633 usu
1365 588 1679 646 correptionum
1725 599 1811 632 non

272 656 354 702 sibi
385 656 590 712 constitit,
610 669 699 701 non
720 656 989 713 aequabilem
1018 669 1190 714 semper
1210 659 1349 702 artem
1370 655 1582 710 adhibuit3
1606 668 1675 701 res
1696 660 1812 702 certe

270 728 402 785 digna
423 733 501 784 est,
524 728 570 772 in
592 741 720 785 quam
742 728 883 773 acrius
903 727 1155 785 inquiratur.
1186 727 1284 774 Duo
1304 729 1421 774 enim
1450 728 1495 775 in
1526 741 1688 785 genera
1716 729 1810 788 epi·

270 802 512 854 grammata
533 797 776 854 discedunt,
799 798 835 842 si
857 797 914 842 ad
935 797 1252 855 correptionum
1273 799 1487 845 rationem
1510 798 1828 843 discribuntur.'

272 868 464 913 Primum
511 881 648 924 genus
694 868 739 912 in
786 868 849 913 eis
894 867 1101 924 consistit,
1147 880 1258 926 quae
1296 866 1442 927 plures
1477 872 1524 913 et
1558 867 1811 914 audaciores

269 939 487 995 utriusque
524 938 675 983 classis
710 938 920 996 praebent
955 937 1260 996 correptiones,
1295 936 1477 983 alterum
1513 938 1559 982 in
1593 938 1670 992 eis,
1701 951 1811 995 quae

268 1012 344 1052 aut
364 1007 526 1052 nullam
548 1006 754 1052 exhibent
774 1010 849 1051 aut
868 1006 1083 1064 legitimas
1103 1011 1270 1052 tantum
1301 1010 1345 1052 et
1363 1020 1391 1052 a
1409 1007 1677 1066 politioribus
1708 1021 1809 1065 quo-

269 1091 351 1135 que
381 1078 521 1136 poetis
551 1076 858 1134 frequentatas,
880 1077 1173 1135 correptiones
1195 1075 1293 1122 dico
1313 1081 1414 1122 ante
1441 1090 1554 1123 caes.
1579 1077 1672 1122 buc.
1719 1076 1812 1122 Hoc

269 1146 501 1192 discrimen
523 1150 597 1191 aut
619 1148 740 1191 casui
754 1145 1074 1190 attribuendum
1090 1146 1172 1191 erit
1186 1149 1262 1190 aut
1280 1147 1557 1204 processibus,
1580 1160 1686 1204 quos
1701 1150 1810 1192 tem-

267 1231 420 1274 porum
451 1229 682 1274 progressu
713 1215 974 1271 Crinagorae
1006 1228 1076 1261 ars
1107 1216 1288 1261 metrica
1316 1215 1433 1261 fecit.
1488 1215 1607 1269 Quae
1642 1221 1810 1262 contro-

266 1287 408 1332 versia
439 1286 582 1331 dirimi
612 1285 795 1331 fortasse
827 1285 997 1344 poterit,
1029 1286 1066 1330 si
1097 1299 1151 1330 ea
1181 1285 1506 1344 epigrammata,
1538 1299 1649 1344 quae
1680 1286 1810 1333 certis

267 1357 393 1402 annis
422 1356 690 1412 adstringere
710 1355 826 1411 licet,
849 1355 1194 1413 comparabimus
1215 1369 1270 1400 ex
1289 1356 1456 1401 ratione
1477 1357 1810 1415 correptionum:

266 1426 546 1485 Epigramma
582 1426 627 1470 in
666 1424 857 1470 Corinthi
896 1425 1118 1471 libertinos
1155 1425 1364 1484 scriptum
1402 1425 1497 1483 (322
1535 1439 1599 1471 ca.
1631 1439 1670 1471 a.
1706 1425 1810 1485 710)

266 1497 333 1539 cui
355 1497 492 1553 primo
517 1496 680 1539 clarum
702 1496 908 1552 temporis
930 1494 1134 1539 indicium
1157 1496 1413 1552 impressum
1443 1509 1540 1540 esse
1570 1496 1810 1552 statuimus,

264 1566 459 1610 continet
519 1580 556 1609 v.
604 1566 630 1608 3
678 1563 954 1622 dactylicam,
1002 1580 1040 1609 v.
1084 1568 1110 1609 4
1156 1563 1421 1610 trochaicam
1470 1565 1806 1624 correptionem

263 1634 454 1680 secundo
485 1634 581 1680 loco
612 1634 833 1692 posuimus
865 1647 1039 1678 carmen
1070 1634 1115 1678 in
1136 1633 1442 1679 Philostratum
1469 1634 1689 1679 conditum
1710 1635 1804 1691 (232

263 1720 325 1750 ca.
359 1719 398 1750 a.
435 1704 558 1762 724),
596 1704 698 1749 item
730 1703 955 1749 includens
988 1704 1279 1763 correptiones
1311 1703 1570 1763 dactylicam
1601 1704 1662 1761 (v.
1683 1704 1730 1761 2)
1762 1708 1807 1750 et

261 1775 523 1821 trochaicam
559 1774 619 1831 (v.
641 1775 699 1830 1).
732 1772 831 1818 Jam
863 1780 965 1818 ante
995 1773 1077 1819 hoc
1097 1777 1273 1832 pactum
1295 1787 1391 1819 esse
1422 1775 1625 1833 suspicati
1658 1788 1804 1820 sumus

261 1860 328 1904 ep.
367 1847 424 1889 43
461 1846 603 1900 (intra
640 1862 680 1888 a.
725 1842 810 1889 710
848 1852 886 1889 et
928 1843 1051 1900 724),
1084 1843 1197 1901 quod
1242 1844 1391 1903 procul
1437 1844 1567 1890 dubio
1612 1845 1802 1890 omnium

259 1916 448 1974 pessime
496 1914 691 1960 habitum
737 1918 822 1970 cst,
869 1914 906 1959 si
952 1913 1009 1958 ad
1054 1914 1345 1973 correptiones
1394 1918 1654 1974 spectamus,
1701 1928 1801 1960 nam

259 1999 345 2030 non
378 1986 519 2029 minus
561 1986 750 2043 quinque
792 1983 1103 2041 complectitur,
1140 1984 1185 2027 in
1223 1984 1376 2041 quibus
1413 1983 1521 2029 duas
1559 1984 1802 2030 trochaicas

261 2057 349 2111 (vv.
384 2057 406 2098 1
458 2060 501 2099 et
545 2054 615 2110 4);
664 2054 869 2099 rariorem
915 2057 1108 2112 praestat
1152 2055 1282 2099 etiam
1330 2068 1398 2113 ep.
1431 2054 1488 2098 46
1520 2054 1593 2112 (cf.
1631 2068 1673 2113 p.
1709 2055 1803 2110 41¹)

258 2125 315 2171 ad
345 2128 460 2171 idem
491 2128 577 2171 iter
607 2125 840 2183 pertinens.
851 2124 884 2181 ¹)
950 2123 1058 2169 Item
1090 2138 1156 2183 ep.
1180 2126 1251 2181 41,
1283 2132 1384 2170 ante
1404 2141 1444 2170 α.
1470 2123 1560 2169 729
1581 2125 1800 2183 scriptum,

258 2197 574 2254 correptionem
605 2194 868 2239 trochaicam
900 2194 1086 2239 exhibet.
1148 2193 1584 2240 Praetermittendum
1618 2208 1705 2240 non
1735 2199 1801 2240 est

257 2271 482 2325 practerea
511 2279 580 2325 ep.
612 2266 670 2309 34
700 2264 785 2323 (ca.
819 2277 858 2309 a.
894 2263 1003 2322 729)
1036 2265 1079 2309 in
1111 2277 1245 2322 aquas
1281 2263 1540 2323 Pyrenacas,
1573 2263 1799 2324 dactylicis

257 2337 424 2381 duabus
455 2335 795 2394 correptionibus
826 2335 1096 2379 instructum.
1160 2333 1350 2378 Carmini
1381 2339 1526 2378 autem
1557 2335 1601 2378 in
1627 2335 1799 2393 nuptias

257 2405 513 2465 Cleopatrae
543 2405 722 2449 iunioris
759 2404 854 2461 (28z
876 2407 980 2449 ante
1001 2418 1039 2448 a.
1066 2402 1172 2460 734)
1194 2404 1508 2462 correptionem
1535 2403 1798 2449 trochaicam

254 2480 388 2535 poeta
425 2476 617 2521 inscruit.
672 2474 941 2519 Postremum
981 2475 1025 2518 in
1062 2474 1143 2518 hac
1179 2474 1320 2519 classe
1355 2472 1585 2519 dicendum
1632 2473 1800 2520 videtur

255 2548 523 2606 epigramma
552 2547 597 2591 in
628 2549 799 2604 partum
828 2545 1044 2590 Antoniae
1075 2545 1283 2604 scriptum
1313 2545 1379 2603 (8:
1412 2545 1562 2604 paucis
1591 2543 1649 2590 ad
1680 2559 1797 2591 sum-

254 2632 372 2662 mum
394 2618 519 2662 annis
540 2625 640 2662 ante
671 2633 710 2660 a.
744 2614 867 2673 743),
898 2615 942 2659 in
974 2614 1089 2672 quod
1118 2620 1205 2660 tres
1236 2615 1528 2674 correptiones
1558 2613 1796 2674 dactylicas

373 2721 397 2768 ¹)
422 2732 508 2769 epp.
540 2722 585 2758 42
618 2723 657 2757 et
685 2722 730 2757 47
762 2730 880 2756 vacua
909 2729 1030 2766 paone
1062 2722 1150 2756 suut
1178 2730 1225 2755 ea
1254 2719 1422 2763 licentia,
1455 2718 1555 2766 quod
1585 2720 1796 2757 sententiae

252 2782 402 2818 nostrae
426 2779 474 2816 de
499 2790 626 2817 eorum
650 2782 818 2826 tempore
844 2789 965 2826 neque
990 2777 1181 2814 adversari
1213 2789 1332 2825 neque
1358 2776 1618 2814 adminiculari
1643 2787 1795 2814 consen·

253 2843 401 2876 taneum
425 2841 494 2876 est.
