<?xml version="1.0" encoding="UTF-8"?>
<!DOCTYPE html PUBLIC "-//W3C//DTD XHTML 1.0 Transitional//EN"
    "http://www.w3.org/TR/xhtml1/DTD/xhtml1-transitional.dtd">
<html xmlns="http://www.w3.org/1999/xhtml" xml:lang="en" lang="en">
 <head>
  <title>
</title>
<meta http-equiv="Content-Type" content="text/html;charset=utf-8" />
  <meta name='ocr-system' content='tesseract 3.04.00' />
  <meta name='ocr-capabilities' content='ocr_page ocr_carea ocr_par ocr_line ocrx_word'/>
</head>
<body>
  <div class='ocr_page' id='page_1' title='image "4738131_0058.png"; bbox 0 0 1964 3053; ppageno 0'>
   <div class='ocr_carea' id='block_1_1' title="bbox 882 171 1171 214">
    <p class='ocr_par' dir='ltr' id='par_1_1' title="bbox 882 171 1171 214">
     <span class='ocr_line' id='line_1_1' title="bbox 882 171 1171 214; baseline -0.003 -10"><span class='ocrx_word' id='word_1_1' title='bbox 882 171 1171 214; x_wconf 74' lang='grc'>-48-</span> 
     </span>
    </p>
   </div>
   <div class='ocr_carea' id='block_1_2' title="bbox 254 296 1801 1679">
    <p class='ocr_par' dir='ltr' id='par_1_2' title="bbox 258 296 1798 519">
     <span class='ocr_line' id='line_1_2' title="bbox 376 296 1798 345; baseline 0 -11"><span class='ocrx_word' id='word_1_2' title='bbox 376 299 411 342; x_wconf 86' lang='grc'><strong>6)</strong></span> <span class='ocrx_word' id='word_1_3' title='bbox 443 299 485 334; x_wconf 90' lang='lat' dir='ltr'><strong>In</strong></span> <span class='ocrx_word' id='word_1_4' title='bbox 517 296 618 334; x_wconf 91' lang='lat' dir='ltr'><strong>Vell.</strong></span> <span class='ocrx_word' id='word_1_5' title='bbox 652 296 734 333; x_wconf 92' lang='lat' dir='ltr'><strong>Pat.</strong></span> <span class='ocrx_word' id='word_1_6' title='bbox 767 296 791 333; x_wconf 90' lang='lat' dir='ltr'><strong>l.</strong></span> <span class='ocrx_word' id='word_1_7' title='bbox 822 297 863 333; x_wconf 94' lang='lat' dir='ltr'><strong>II</strong></span> <span class='ocrx_word' id='word_1_8' title='bbox 895 307 926 334; x_wconf 93' lang='lat' dir='ltr'><strong>c.</strong></span> <span class='ocrx_word' id='word_1_9' title='bbox 958 297 1028 341; x_wconf 79' lang='lat'>5,2‚</span> <span class='ocrx_word' id='word_1_10' title='bbox 1064 297 1130 334; x_wconf 87' lang='lat' dir='ltr'><strong>ubi</strong></span> <span class='ocrx_word' id='word_1_11' title='bbox 1166 297 1324 344; x_wconf 82' lang='lat' dir='ltr'><strong>legitur:</strong></span> <span class='ocrx_word' id='word_1_12' title='bbox 1365 308 1459 341; x_wconf 84' lang='lat' dir='ltr'><strong>„non</strong></span> <span class='ocrx_word' id='word_1_13' title='bbox 1495 297 1696 335; x_wconf 85' lang='lat' dir='ltr'><strong>deterritus</strong></span> <span class='ocrx_word' id='word_1_14' title='bbox 1729 297 1798 345; x_wconf 63' lang='lat' dir='ltr'><strong>(sc,</strong></span> 
     </span>
     <span class='ocr_line' id='line_1_3' title="bbox 258 354 1798 403; baseline 0 -12"><span class='ocrx_word' id='word_1_15' title='bbox 258 355 435 391; x_wconf 80' lang='lat' dir='ltr'><strong>Metellus</strong></span> <span class='ocrx_word' id='word_1_16' title='bbox 460 355 743 400; x_wconf 77' lang='lat' dir='ltr'><strong>Macedonicus)</strong></span> <span class='ocrx_word' id='word_1_17' title='bbox 776 355 969 403; x_wconf 88' lang='lat' dir='ltr'><strong>proposito</strong></span> <span class='ocrx_word' id='word_1_18' title='bbox 999 356 1279 402; x_wconf 86' lang='lat' dir='ltr'><strong>perseverantia</strong></span> <span class='ocrx_word' id='word_1_19' title='bbox 1311 354 1414 392; x_wconf 77' lang='lat' dir='ltr'><strong>ducis</strong></span> <span class='ocrx_word' id='word_1_20' title='bbox 1445 366 1552 403; x_wconf 88' lang='lat' dir='ltr'><strong>quem</strong></span> <span class='ocrx_word' id='word_1_21' title='bbox 1584 355 1798 392; x_wconf 85' lang='lat' dir='ltr'><strong>moriturum</strong></span> 
     </span>
     <span class='ocr_line' id='line_1_4' title="bbox 259 412 1797 461; baseline 0 -12"><span class='ocrx_word' id='word_1_22' title='bbox 259 413 408 449; x_wconf 78' lang='lat' dir='ltr'><strong>miserat</strong></span> <span class='ocrx_word' id='word_1_23' title='bbox 432 413 585 449; x_wconf 87' lang='lat' dir='ltr'><strong>militem</strong></span> <span class='ocrx_word' id='word_1_24' title='bbox 611 413 790 449; x_wconf 83' lang='lat' dir='ltr'><strong>victorem</strong></span> <span class='ocrx_word' id='word_1_25' title='bbox 822 413 999 461; x_wconf 84' lang='lat' dir='ltr'><strong>recepit“‚</strong></span> <span class='ocrx_word' id='word_1_26' title='bbox 1031 414 1176 450; x_wconf 86' lang='lat' dir='ltr'><strong>librarii</strong></span> <span class='ocrx_word' id='word_1_27' title='bbox 1212 414 1543 461; x_wconf 84' lang='lat' dir='ltr'><strong>interpretamento</strong></span> <span class='ocrx_word' id='word_1_28' title='bbox 1579 412 1797 450; x_wconf 86' lang='lat' dir='ltr'><strong>vocabulum</strong></span> 
     </span>
     <span class='ocr_line' id='line_1_5' title="bbox 260 470 1123 519; baseline 0.002 -13"><span class='ocrx_word' id='word_1_29' title='bbox 260 471 359 517; x_wconf 88' lang='lat' dir='ltr'><strong>quod</strong></span> <span class='ocrx_word' id='word_1_30' title='bbox 386 474 443 506; x_wconf 89' lang='lat' dir='ltr'><strong>est</strong></span> <span class='ocrx_word' id='word_1_31' title='bbox 468 470 572 508; x_wconf 75' lang='lat' dir='ltr'><strong>ducis</strong></span> <span class='ocrx_word' id='word_1_32' title='bbox 598 482 645 507; x_wconf 88' lang='lat' dir='ltr'><strong>ex</strong></span> <span class='ocrx_word' id='word_1_33' title='bbox 667 481 741 508; x_wconf 77' lang='lat' dir='ltr'><strong>sua</strong></span> <span class='ocrx_word' id='word_1_34' title='bbox 765 474 886 507; x_wconf 82' lang='lat' dir='ltr'><strong>ortum</strong></span> <span class='ocrx_word' id='word_1_35' title='bbox 912 482 995 508; x_wconf 89' lang='lat' dir='ltr'><strong>esse</strong></span> <span class='ocrx_word' id='word_1_36' title='bbox 1019 474 1123 519; x_wconf 89' lang='lat' dir='ltr'><strong>puto.</strong></span> 
     </span>
    </p>

    <p class='ocr_par' dir='ltr' id='par_1_3' title="bbox 255 528 1801 742">
     <span class='ocr_line' id='line_1_6' title="bbox 373 528 1801 577; baseline 0 -13"><span class='ocrx_word' id='word_1_37' title='bbox 373 529 407 574; x_wconf 84' lang='lat'><strong>7)</strong></span> <span class='ocrx_word' id='word_1_38' title='bbox 433 528 548 564; x_wconf 87' lang='lat' dir='ltr'>Lollii</span> <span class='ocrx_word' id='word_1_39' title='bbox 567 529 679 565; x_wconf 82' lang='lat' dir='ltr'>Bassi</span> <span class='ocrx_word' id='word_1_40' title='bbox 705 528 751 565; x_wconf 89' lang='lat' dir='ltr'><strong>de</strong></span> <span class='ocrx_word' id='word_1_41' title='bbox 770 528 984 565; x_wconf 82' lang='lat' dir='ltr'><strong>Germanici</strong></span> <span class='ocrx_word' id='word_1_42' title='bbox 1002 529 1108 566; x_wconf 91' lang='lat' dir='ltr'><strong>obitu</strong></span> <span class='ocrx_word' id='word_1_43' title='bbox 1126 529 1357 577; x_wconf 73' lang='lat' dir='ltr'><strong>epigramma.</strong></span> <span class='ocrx_word' id='word_1_44' title='bbox 1375 530 1424 567; x_wconf 79' lang='lat' dir='ltr'><strong>A.</strong></span> <span class='ocrx_word' id='word_1_45' title='bbox 1440 528 1482 567; x_wconf 88' lang='lat' dir='ltr'><strong>P.</strong></span> <span class='ocrx_word' id='word_1_46' title='bbox 1499 528 1578 566; x_wconf 87' lang='lat' dir='ltr'><strong>VII</strong></span> <span class='ocrx_word' id='word_1_47' title='bbox 1594 528 1661 566; x_wconf 84' lang='lat'><strong>391</strong></span> <span class='ocrx_word' id='word_1_48' title='bbox 1680 528 1801 565; x_wconf 80' lang='lat' dir='ltr'>editor</span> 
     </span>
     <span class='ocr_line' id='line_1_7' title="bbox 255 583 1800 635; baseline 0.001 -13"><span class='ocrx_word' id='word_1_49' title='bbox 255 586 339 623; x_wconf 87' lang='lat' dir='ltr'><strong>Par.</strong></span> <span class='ocrx_word' id='word_1_50' title='bbox 363 589 607 634; x_wconf 88' lang='lat' dir='ltr'><strong>praepostera</strong></span> <span class='ocrx_word' id='word_1_51' title='bbox 622 587 923 634; x_wconf 84' lang='lat' dir='ltr'><strong>interpunctione</strong></span> <span class='ocrx_word' id='word_1_52' title='bbox 942 588 1130 635; x_wconf 82' lang='lat' dir='ltr'><strong>pervertit,</strong></span> <span class='ocrx_word' id='word_1_53' title='bbox 1156 598 1238 624; x_wconf 92' lang='lat' dir='ltr'><strong>cum</strong></span> <span class='ocrx_word' id='word_1_54' title='bbox 1263 584 1377 628; x_wconf 71' lang='grc' dir='ltr'><em>Αὐτός</em></span> <span class='ocrx_word' id='word_1_55' title='bbox 1400 585 1502 635; x_wconf 72' lang='grc' dir='ltr'><strong>ἐγών</strong></span> <span class='ocrx_word' id='word_1_56' title='bbox 1521 583 1640 628; x_wconf 76' lang='grc' dir='ltr'><strong><em>Ἀΐδας</em></strong></span> <span class='ocrx_word' id='word_1_57' title='bbox 1663 584 1800 623; x_wconf 77' lang='grc' dir='ltr'><em>ἐνέπω·</em></span> 
     </span>
     <span class='ocr_line' id='line_1_8' title="bbox 257 642 1800 694; baseline -0.001 -12"><span class='ocrx_word' id='word_1_58' title='bbox 257 645 400 690; x_wconf 77' lang='lat' dir='ltr'><strong>(vertitt</strong></span> <span class='ocrx_word' id='word_1_59' title='bbox 419 644 548 692; x_wconf 71' lang='lat' dir='ltr'><strong>coliem)</strong></span> <span class='ocrx_word' id='word_1_60' title='bbox 568 646 792 693; x_wconf 76' lang='grc' dir='ltr'><strong><em>Γερμανικὸς</em></strong></span> <span class='ocrx_word' id='word_1_61' title='bbox 817 644 964 694; x_wconf 82' lang='grc' dir='ltr'><em>ἄστρων</em></span> <span class='ocrx_word' id='word_1_62' title='bbox 987 642 1054 681; x_wconf 70' lang='grc' dir='ltr'><strong>οὐκ</strong></span> <span class='ocrx_word' id='word_1_63' title='bbox 1078 644 1190 692; x_wconf 78' lang='grc' dir='ltr'><em>ἐμός·</em></span> <span class='ocrx_word' id='word_1_64' title='bbox 1203 642 1247 682; x_wconf 75' lang='grc' dir='ltr'><strong>οὖ</strong></span> <span class='ocrx_word' id='word_1_65' title='bbox 1272 650 1395 694; x_wconf 79' lang='grc' dir='ltr'><em>χωρεῖ</em></span> <span class='ocrx_word' id='word_1_66' title='bbox 1414 646 1486 689; x_wconf 78' lang='grc' dir='ltr'><strong>νῆα</strong></span> <span class='ocrx_word' id='word_1_67' title='bbox 1508 645 1617 689; x_wconf 79' lang='grc' dir='ltr'><strong><em>τόσην</em></strong></span> <span class='ocrx_word' id='word_1_68' title='bbox 1635 642 1800 693; x_wconf 77' lang='grc' dir='ltr'><em>Ἀχέρων</em></span> 
     </span>
     <span class='ocr_line' id='line_1_9' title="bbox 257 701 1635 742; baseline 0.001 -2"><span class='ocrx_word' id='word_1_69' title='bbox 257 703 427 741; x_wconf 88' lang='lat' dir='ltr'><strong>scribens</strong></span> <span class='ocrx_word' id='word_1_70' title='bbox 453 703 501 740; x_wconf 86' lang='lat' dir='ltr'><strong>ab</strong></span> <span class='ocrx_word' id='word_1_71' title='bbox 527 703 686 741; x_wconf 88' lang='lat' dir='ltr'><strong>disticho</strong></span> <span class='ocrx_word' id='word_1_72' title='bbox 712 703 959 741; x_wconf 77' lang='lat' dir='ltr'><strong>antecedente</strong></span> <span class='ocrx_word' id='word_1_73' title='bbox 984 701 1107 741; x_wconf 70' lang='grc' dir='ltr'><em>ἐνέπω</em></span> <span class='ocrx_word' id='word_1_74' title='bbox 1132 714 1216 741; x_wconf 90' lang='lat' dir='ltr'><strong>cum</strong></span> <span class='ocrx_word' id='word_1_75' title='bbox 1239 704 1420 742; x_wconf 80' lang='lat' dir='ltr'><strong>Jacobsio</strong></span> <span class='ocrx_word' id='word_1_76' title='bbox 1445 703 1635 742; x_wconf 88' lang='lat' dir='ltr'><strong>disiunxit.</strong></span> 
     </span>
    </p>

    <p class='ocr_par' dir='ltr' id='par_1_4' title="bbox 254 762 1798 1042">
     <span class='ocr_line' id='line_1_10' title="bbox 374 762 1798 811; baseline -0.001 -12"><span class='ocrx_word' id='word_1_77' title='bbox 374 762 410 808; x_wconf 87' lang='lat'><strong>8)</strong></span> <span class='ocrx_word' id='word_1_78' title='bbox 436 763 494 799; x_wconf 91' lang='lat' dir='ltr'><strong>De</strong></span> <span class='ocrx_word' id='word_1_79' title='bbox 519 763 709 800; x_wconf 77' lang='lat' dir='ltr'><strong>Iuvenalis</strong></span> <span class='ocrx_word' id='word_1_80' title='bbox 735 763 846 800; x_wconf 86' lang='lat' dir='ltr'><strong>exilio</strong></span> <span class='ocrx_word' id='word_1_81' title='bbox 872 762 1061 808; x_wconf 81' lang='lat' dir='ltr'><strong>fabellam,</strong></span> <span class='ocrx_word' id='word_1_82' title='bbox 1088 763 1154 810; x_wconf 88' lang='lat' dir='ltr'><strong>qui</strong></span> <span class='ocrx_word' id='word_1_83' title='bbox 1177 764 1387 811; x_wconf 90' lang='lat' dir='ltr'><strong>composuit</strong></span> <span class='ocrx_word' id='word_1_84' title='bbox 1412 775 1496 800; x_wconf 90' lang='lat' dir='ltr'><strong>cum</strong></span> <span class='ocrx_word' id='word_1_85' title='bbox 1520 766 1672 811; x_wconf 87' lang='lat' dir='ltr'><strong>poetam</strong></span> <span class='ocrx_word' id='word_1_86' title='bbox 1703 762 1798 798; x_wconf 89' lang='lat' dir='ltr'><strong>mili-</strong></span> 
     </span>
     <span class='ocr_line' id='line_1_11' title="bbox 255 820 1798 867; baseline 0.001 -11"><span class='ocrx_word' id='word_1_87' title='bbox 255 824 357 857; x_wconf 82' lang='lat' dir='ltr'><strong>tasse</strong></span> <span class='ocrx_word' id='word_1_88' title='bbox 383 820 484 857; x_wconf 87' lang='lat' dir='ltr'><strong>haud</strong></span> <span class='ocrx_word' id='word_1_89' title='bbox 507 821 710 867; x_wconf 78' lang='lat' dir='ltr'><strong>ignoraret,</strong></span> <span class='ocrx_word' id='word_1_90' title='bbox 734 821 806 858; x_wconf 90' lang='lat' dir='ltr'><strong>hac</strong></span> <span class='ocrx_word' id='word_1_91' title='bbox 835 821 996 858; x_wconf 90' lang='lat' dir='ltr'><strong>scientia</strong></span> <span class='ocrx_word' id='word_1_92' title='bbox 1027 821 1076 857; x_wconf 91' lang='lat' dir='ltr'><strong>ad</strong></span> <span class='ocrx_word' id='word_1_93' title='bbox 1107 824 1177 858; x_wconf 84' lang='lat' dir='ltr'><strong>sat.</strong></span> <span class='ocrx_word' id='word_1_94' title='bbox 1194 821 1278 858; x_wconf 87' lang='lat' dir='ltr'><strong>VII</strong></span> <span class='ocrx_word' id='word_1_95' title='bbox 1309 832 1367 859; x_wconf 85' lang='lat' dir='ltr'><strong>vv.</strong></span> <span class='ocrx_word' id='word_1_96' title='bbox 1391 822 1531 859; x_wconf 81' lang='lat'>88—92</span> <span class='ocrx_word' id='word_1_97' title='bbox 1555 820 1798 858; x_wconf 87' lang='lat' dir='ltr'><strong>illustrandos</strong></span> 
     </span>
     <span class='ocr_line' id='line_1_12' title="bbox 257 878 1798 927; baseline 0 -12"><span class='ocrx_word' id='word_1_98' title='bbox 257 879 336 925; x_wconf 92' lang='lat' dir='ltr'><strong>[ubi</strong></span> <span class='ocrx_word' id='word_1_99' title='bbox 368 890 452 915; x_wconf 91' lang='lat' dir='ltr'><strong>cum</strong></span> <span class='ocrx_word' id='word_1_100' title='bbox 484 878 715 915; x_wconf 81' lang='lat' dir='ltr'><strong>Mommseno</strong></span> <span class='ocrx_word' id='word_1_101' title='bbox 744 878 937 916; x_wconf 71' lang='lat' dir='ltr'><strong>semenstri</strong></span> <span class='ocrx_word' id='word_1_102' title='bbox 968 878 1017 915; x_wconf 94' lang='lat' dir='ltr'><strong>ad</strong></span> <span class='ocrx_word' id='word_1_103' title='bbox 1048 878 1204 916; x_wconf 76' lang='lat' dir='ltr'><strong>militiae</strong></span> <span class='ocrx_word' id='word_1_104' title='bbox 1233 878 1395 927; x_wconf 69' lang='lat' dir='ltr'><strong>largitur</strong></span> <span class='ocrx_word' id='word_1_105' title='bbox 1418 878 1590 917; x_wconf 78' lang='lat' dir='ltr'><strong>honorem</strong></span> <span class='ocrx_word' id='word_1_106' title='bbox 1614 878 1798 925; x_wconf 75' lang='lat' dir='ltr'><strong>(Offizier-</strong></span> 
     </span>
     <span class='ocr_line' id='line_1_13' title="bbox 255 936 1798 984; baseline 0 -12"><span class='ocrx_word' id='word_1_107' title='bbox 255 937 380 983; x_wconf 90' lang='lat' dir='ltr'><strong>stand)</strong></span> <span class='ocrx_word' id='word_1_108' title='bbox 406 948 556 981; x_wconf 83' lang='lat' dir='ltr'><strong>revoco,</strong></span> <span class='ocrx_word' id='word_1_109' title='bbox 588 948 674 973; x_wconf 90' lang='lat' dir='ltr'><strong>nam</strong></span> <span class='ocrx_word' id='word_1_110' title='bbox 705 936 798 973; x_wconf 90' lang='lat' dir='ltr'><strong>nihil</strong></span> <span class='ocrx_word' id='word_1_111' title='bbox 830 939 888 973; x_wconf 92' lang='lat' dir='ltr'><strong>est</strong></span> <span class='ocrx_word' id='word_1_112' title='bbox 917 948 1046 974; x_wconf 88' lang='lat' dir='ltr'><strong>aurum</strong></span> <span class='ocrx_word' id='word_1_113' title='bbox 1070 937 1288 974; x_wconf 82' lang='lat' dir='ltr'><strong>semenstris</strong></span> <span class='ocrx_word' id='word_1_114' title='bbox 1311 936 1539 984; x_wconf 77' lang='lat' dir='ltr'><strong>tribunatus]</strong></span> <span class='ocrx_word' id='word_1_115' title='bbox 1565 947 1640 974; x_wconf 84' lang='lat' dir='ltr'><strong>non</strong></span> <span class='ocrx_word' id='word_1_116' title='bbox 1664 936 1798 973; x_wconf 88' lang='lat' dir='ltr'><strong>inscite</strong></span> 
     </span>
     <span class='ocr_line' id='line_1_14' title="bbox 254 994 1246 1042; baseline 0.002 -12"><span class='ocrx_word' id='word_1_117' title='bbox 254 1005 343 1031; x_wconf 90' lang='lat' dir='ltr'><strong>usus</strong></span> <span class='ocrx_word' id='word_1_118' title='bbox 369 998 445 1039; x_wconf 87' lang='lat' dir='ltr'><strong>est;</strong></span> <span class='ocrx_word' id='word_1_119' title='bbox 471 1005 601 1031; x_wconf 86' lang='lat' dir='ltr'><strong>revera</strong></span> <span class='ocrx_word' id='word_1_120' title='bbox 627 994 816 1032; x_wconf 73' lang='lat' dir='ltr'><strong>Iuvenalis</strong></span> <span class='ocrx_word' id='word_1_121' title='bbox 841 1005 1042 1042; x_wconf 86' lang='lat' dir='ltr'><strong>numquam</strong></span> <span class='ocrx_word' id='word_1_122' title='bbox 1068 994 1246 1032; x_wconf 83' lang='lat' dir='ltr'><strong>exulavit.</strong></span> 
     </span>
    </p>

    <p class='ocr_par' dir='ltr' id='par_1_5' title="bbox 255 1051 1800 1389">
     <span class='ocr_line' id='line_1_15' title="bbox 373 1051 1799 1099; baseline 0.001 -10"><span class='ocrx_word' id='word_1_123' title='bbox 373 1054 409 1098; x_wconf 89' lang='grc'><strong>9)</strong></span> <span class='ocrx_word' id='word_1_124' title='bbox 434 1052 646 1099; x_wconf 82' lang='lat' dir='ltr'><strong>Elagabalo</strong></span> <span class='ocrx_word' id='word_1_125' title='bbox 663 1055 810 1090; x_wconf 84' lang='lat' dir='ltr'><strong>mortuo</strong></span> <span class='ocrx_word' id='word_1_126' title='bbox 829 1057 984 1090; x_wconf 85' lang='lat' dir='ltr'><strong>senatus</strong></span> <span class='ocrx_word' id='word_1_127' title='bbox 1008 1055 1051 1089; x_wconf 89' lang='lat' dir='ltr'><strong>ut</strong></span> <span class='ocrx_word' id='word_1_128' title='bbox 1067 1053 1142 1090; x_wconf 85' lang='lat' dir='ltr'><strong>vim</strong></span> <span class='ocrx_word' id='word_1_129' title='bbox 1166 1064 1270 1091; x_wconf 86' lang='lat' dir='ltr'><strong>suam</strong></span> <span class='ocrx_word' id='word_1_130' title='bbox 1289 1053 1352 1090; x_wconf 87' lang='lat' dir='ltr'><strong>diu</strong></span> <span class='ocrx_word' id='word_1_131' title='bbox 1368 1052 1581 1099; x_wconf 80' lang='lat' dir='ltr'><strong>neglectam</strong></span> <span class='ocrx_word' id='word_1_132' title='bbox 1598 1052 1672 1090; x_wconf 80' lang='lat' dir='ltr'><strong>iam</strong></span> <span class='ocrx_word' id='word_1_133' title='bbox 1697 1051 1799 1090; x_wconf 82' lang='lat' dir='ltr'><strong>clare</strong></span> 
     </span>
     <span class='ocr_line' id='line_1_16' title="bbox 255 1110 1798 1159; baseline 0 -13"><span class='ocrx_word' id='word_1_134' title='bbox 255 1110 473 1158; x_wconf 83' lang='lat' dir='ltr'><strong>praeferret,</strong></span> <span class='ocrx_word' id='word_1_135' title='bbox 496 1110 630 1147; x_wconf 73' lang='lat' dir='ltr'><strong>itemm</strong></span> <span class='ocrx_word' id='word_1_136' title='bbox 655 1111 727 1156; x_wconf 91' lang='lat' dir='ltr'><strong>(sic</strong></span> <span class='ocrx_word' id='word_1_137' title='bbox 752 1111 977 1159; x_wconf 85' lang='lat' dir='ltr'><strong>interpretor</strong></span> <span class='ocrx_word' id='word_1_138' title='bbox 1004 1112 1157 1159; x_wconf 87' lang='lat' dir='ltr'><strong>Lampr.</strong></span> <span class='ocrx_word' id='word_1_139' title='bbox 1174 1110 1286 1148; x_wconf 79' lang='lat' dir='ltr'><strong>Alex.</strong></span> <span class='ocrx_word' id='word_1_140' title='bbox 1313 1122 1346 1148; x_wconf 88' lang='lat' dir='ltr'><strong>c.</strong></span> <span class='ocrx_word' id='word_1_141' title='bbox 1374 1114 1407 1153; x_wconf 88' lang='lat'><strong>1&gt;</strong></span> <span class='ocrx_word' id='word_1_142' title='bbox 1431 1122 1567 1149; x_wconf 85' lang='lat' dir='ltr'><strong>novum</strong></span> <span class='ocrx_word' id='word_1_143' title='bbox 1591 1110 1798 1159; x_wconf 86' lang='lat' dir='ltr'><strong>principem</strong></span> 
     </span>
     <span class='ocr_line' id='line_1_17' title="bbox 256 1168 1800 1217; baseline 0 -12"><span class='ocrx_word' id='word_1_144' title='bbox 256 1169 401 1217; x_wconf 87' lang='lat' dir='ltr'><strong>imperii</strong></span> <span class='ocrx_word' id='word_1_145' title='bbox 426 1169 637 1216; x_wconf 82' lang='lat' dir='ltr'><strong>insignibus</strong></span> <span class='ocrx_word' id='word_1_146' title='bbox 670 1169 800 1206; x_wconf 90' lang='lat' dir='ltr'><strong>induit.</strong></span> <span class='ocrx_word' id='word_1_147' title='bbox 849 1169 946 1207; x_wconf 92' lang='lat' dir='ltr'><strong>Nam</strong></span> <span class='ocrx_word' id='word_1_148' title='bbox 973 1168 1236 1217; x_wconf 77' lang='lat' dir='ltr'><strong>Elagabalm,</strong></span> <span class='ocrx_word' id='word_1_149' title='bbox 1267 1172 1310 1206; x_wconf 89' lang='lat' dir='ltr'><strong>ut</strong></span> <span class='ocrx_word' id='word_1_150' title='bbox 1341 1168 1498 1206; x_wconf 88' lang='lat' dir='ltr'><strong>militum</strong></span> <span class='ocrx_word' id='word_1_151' title='bbox 1528 1169 1622 1206; x_wconf 86' lang='lat' dir='ltr'><strong>iram</strong></span> <span class='ocrx_word' id='word_1_152' title='bbox 1652 1168 1800 1212; x_wconf 82' lang='lat' dir='ltr'><strong>leniret,</strong></span> 
     </span>
     <span class='ocr_line' id='line_1_18' title="bbox 255 1227 1799 1274; baseline -0.001 -11"><span class='ocrx_word' id='word_1_153' title='bbox 255 1228 514 1263; x_wconf 84' lang='lat' dir='ltr'><strong>consobrinum</strong></span> <span class='ocrx_word' id='word_1_154' title='bbox 534 1239 641 1263; x_wconf 90' lang='lat' dir='ltr'><strong>suum</strong></span> <span class='ocrx_word' id='word_1_155' title='bbox 665 1227 739 1264; x_wconf 85' lang='lat' dir='ltr'><strong>iam</strong></span> <span class='ocrx_word' id='word_1_156' title='bbox 756 1228 967 1274; x_wconf 69' lang='lat' dir='ltr'><strong>Auyustum</strong></span> <span class='ocrx_word' id='word_1_157' title='bbox 984 1228 1121 1263; x_wconf 79' lang='lat' dir='ltr'><strong>fecisse</strong></span> <span class='ocrx_word' id='word_1_158' title='bbox 1139 1239 1186 1263; x_wconf 85' lang='lat' dir='ltr'><strong>ex</strong></span> <span class='ocrx_word' id='word_1_159' title='bbox 1211 1227 1518 1274; x_wconf 82' lang='lat' dir='ltr'><strong>inscriptionibus</strong></span> <span class='ocrx_word' id='word_1_160' title='bbox 1535 1227 1681 1262; x_wconf 87' lang='lat' dir='ltr'><strong>duabus</strong></span> <span class='ocrx_word' id='word_1_161' title='bbox 1698 1229 1799 1262; x_wconf 89' lang='lat' dir='ltr'><strong>recte</strong></span> 
     </span>
     <span class='ocr_line' id='line_1_19' title="bbox 260 1283 1800 1331; baseline 0 -9"><span class='ocrx_word' id='word_1_162' title='bbox 260 1285 498 1322; x_wconf 86' lang='lat' dir='ltr'><strong>concluditur</strong></span> <span class='ocrx_word' id='word_1_163' title='bbox 523 1288 562 1322; x_wconf 86' lang='lat' dir='ltr'><strong>et</strong></span> <span class='ocrx_word' id='word_1_164' title='bbox 595 1306 634 1312; x_wconf 89' lang='lat'>-</span> <span class='ocrx_word' id='word_1_165' title='bbox 668 1285 741 1322; x_wconf 83' lang='lat' dir='ltr'><strong>boc</strong></span> <span class='ocrx_word' id='word_1_166' title='bbox 772 1284 910 1321; x_wconf 86' lang='lat' dir='ltr'><strong>addere</strong></span> <span class='ocrx_word' id='word_1_167' title='bbox 943 1284 1187 1331; x_wconf 80' lang='lat' dir='ltr'><strong>neglexerunt</strong></span> <span class='ocrx_word' id='word_1_168' title='bbox 1217 1297 1275 1323; x_wconf 79' lang='lat' dir='ltr'><strong>vv,</strong></span> <span class='ocrx_word' id='word_1_169' title='bbox 1301 1285 1362 1322; x_wconf 92' lang='lat' dir='ltr'><strong>dd.</strong></span> <span class='ocrx_word' id='word_1_170' title='bbox 1387 1305 1430 1313; x_wconf 89' lang='lat'>-</span> <span class='ocrx_word' id='word_1_171' title='bbox 1456 1296 1502 1322; x_wconf 84' lang='lat' dir='ltr'><strong>ex</strong></span> <span class='ocrx_word' id='word_1_172' title='bbox 1525 1284 1608 1322; x_wconf 87' lang='lat' dir='ltr'><strong>cod.</strong></span> <span class='ocrx_word' id='word_1_173' title='bbox 1623 1283 1715 1321; x_wconf 84' lang='lat' dir='ltr'><strong>Iust.</strong></span> <span class='ocrx_word' id='word_1_174' title='bbox 1739 1283 1800 1322; x_wconf 86' lang='lat' dir='ltr'><strong>IV</strong></span> 
     </span>
     <span class='ocr_line' id='line_1_20' title="bbox 256 1343 1064 1389; baseline 0.001 -10"><span class='ocrx_word' id='word_1_175' title='bbox 256 1345 355 1387; x_wconf 81' lang='lat'>44,1;</span> <span class='ocrx_word' id='word_1_176' title='bbox 382 1343 483 1380; x_wconf 88' lang='lat' dir='ltr'><strong>VIlI</strong></span> <span class='ocrx_word' id='word_1_177' title='bbox 508 1344 606 1387; x_wconf 83' lang='lat'>44,6;</span> <span class='ocrx_word' id='word_1_178' title='bbox 632 1343 689 1379; x_wconf 90' lang='lat' dir='ltr'><strong>IX</strong></span> <span class='ocrx_word' id='word_1_179' title='bbox 718 1343 791 1387; x_wconf 82' lang='lat'>1‚3;</span> <span class='ocrx_word' id='word_1_180' title='bbox 816 1343 876 1380; x_wconf 88' lang='lat' dir='ltr'><strong>IV</strong></span> <span class='ocrx_word' id='word_1_181' title='bbox 901 1343 982 1387; x_wconf 63' lang='lat'><strong>503</strong></span> <span class='ocrx_word' id='word_1_182' title='bbox 1009 1344 1064 1389; x_wconf 65' lang='lat'>(2).</span> 
     </span>
    </p>

    <p class='ocr_par' dir='ltr' id='par_1_6' title="bbox 255 1399 1799 1679">
     <span class='ocr_line' id='line_1_21' title="bbox 379 1399 1799 1450; baseline -0.001 -12"><span class='ocrx_word' id='word_1_183' title='bbox 379 1403 433 1449; x_wconf 88' lang='lat'><strong>10)</strong></span> <span class='ocrx_word' id='word_1_184' title='bbox 458 1402 670 1439; x_wconf 80' lang='lat' dir='ltr'><strong>Planudem</strong></span> <span class='ocrx_word' id='word_1_185' title='bbox 696 1414 743 1439; x_wconf 85' lang='lat' dir='ltr'><strong>ex</strong></span> <span class='ocrx_word' id='word_1_186' title='bbox 760 1401 949 1449; x_wconf 86' lang='lat' dir='ltr'><strong>Cephalae</strong></span> <span class='ocrx_word' id='word_1_187' title='bbox 969 1401 1224 1449; x_wconf 74' lang='lat' dir='ltr'><strong>Anthologiae</strong></span> <span class='ocrx_word' id='word_1_188' title='bbox 1249 1401 1464 1450; x_wconf 84' lang='lat' dir='ltr'><strong>apographo</strong></span> <span class='ocrx_word' id='word_1_189' title='bbox 1488 1412 1593 1438; x_wconf 82' lang='lat' dir='ltr'><strong>suam</strong></span> <span class='ocrx_word' id='word_1_190' title='bbox 1618 1399 1799 1448; x_wconf 75' lang='lat' dir='ltr'><strong>conflasse</strong></span> 
     </span>
     <span class='ocr_line' id='line_1_22' title="bbox 256 1458 1799 1506; baseline -0.001 -10"><span class='ocrx_word' id='word_1_191' title='bbox 256 1472 338 1496; x_wconf 90' lang='lat' dir='ltr'><strong>cum</strong></span> <span class='ocrx_word' id='word_1_192' title='bbox 364 1472 411 1496; x_wconf 90' lang='lat' dir='ltr'><strong>ex</strong></span> <span class='ocrx_word' id='word_1_193' title='bbox 435 1460 521 1496; x_wconf 90' lang='lat' dir='ltr'><strong>aliis</strong></span> <span class='ocrx_word' id='word_1_194' title='bbox 546 1460 694 1496; x_wconf 90' lang='lat' dir='ltr'><strong>indiciis</strong></span> <span class='ocrx_word' id='word_1_195' title='bbox 719 1460 847 1506; x_wconf 87' lang='lat' dir='ltr'><strong>colligi</strong></span> <span class='ocrx_word' id='word_1_196' title='bbox 870 1463 997 1506; x_wconf 86' lang='lat' dir='ltr'><strong>potest</strong></span> <span class='ocrx_word' id='word_1_197' title='bbox 1020 1465 1099 1497; x_wconf 82' lang='lat' dir='ltr'><strong>tum</strong></span> <span class='ocrx_word' id='word_1_198' title='bbox 1126 1471 1173 1496; x_wconf 87' lang='lat' dir='ltr'><strong>ex</strong></span> <span class='ocrx_word' id='word_1_199' title='bbox 1198 1460 1279 1497; x_wconf 89' lang='lat' dir='ltr'><strong>cod.</strong></span> <span class='ocrx_word' id='word_1_200' title='bbox 1299 1459 1466 1496; x_wconf 80' lang='lat' dir='ltr'><strong>Palatini</strong></span> <span class='ocrx_word' id='word_1_201' title='bbox 1480 1459 1708 1495; x_wconf 82' lang='lat' dir='ltr'><strong>lectionibus</strong></span> <span class='ocrx_word' id='word_1_202' title='bbox 1733 1458 1799 1502; x_wconf 85' lang='lat' dir='ltr'><strong>eis,</strong></span> 
     </span>
     <span class='ocr_line' id='line_1_23' title="bbox 255 1516 1798 1565; baseline -0.001 -11"><span class='ocrx_word' id='word_1_203' title='bbox 255 1530 348 1565; x_wconf 85' lang='lat' dir='ltr'><strong>quas</strong></span> <span class='ocrx_word' id='word_1_204' title='bbox 381 1519 508 1555; x_wconf 91' lang='lat' dir='ltr'><strong>nescio</strong></span> <span class='ocrx_word' id='word_1_205' title='bbox 541 1530 616 1565; x_wconf 91' lang='lat' dir='ltr'><strong>qua</strong></span> <span class='ocrx_word' id='word_1_206' title='bbox 647 1529 761 1555; x_wconf 84' lang='lat' dir='ltr'><strong>causa</strong></span> <span class='ocrx_word' id='word_1_207' title='bbox 793 1517 1031 1554; x_wconf 86' lang='lat' dir='ltr'><strong>oblitteratas</strong></span> <span class='ocrx_word' id='word_1_208' title='bbox 1063 1520 1102 1554; x_wconf 93' lang='lat' dir='ltr'><strong>et</strong></span> <span class='ocrx_word' id='word_1_209' title='bbox 1131 1529 1305 1565; x_wconf 83' lang='lat' dir='ltr'><strong>perrosas</strong></span> <span class='ocrx_word' id='word_1_210' title='bbox 1335 1518 1479 1553; x_wconf 77' lang='lat' dir='ltr'><strong>scribae</strong></span> <span class='ocrx_word' id='word_1_211' title='bbox 1513 1517 1729 1553; x_wconf 84' lang='lat' dir='ltr'><strong>invenerant</strong></span> <span class='ocrx_word' id='word_1_212' title='bbox 1760 1516 1798 1552; x_wconf 90' lang='lat' dir='ltr'><strong>in</strong></span> 
     </span>
     <span class='ocr_line' id='line_1_24' title="bbox 256 1574 1797 1623; baseline -0.001 -12"><span class='ocrx_word' id='word_1_213' title='bbox 256 1576 462 1623; x_wconf 84' lang='lat' dir='ltr'><strong>exemplari</strong></span> <span class='ocrx_word' id='word_1_214' title='bbox 498 1587 577 1619; x_wconf 89' lang='lat' dir='ltr'><strong>suo,</strong></span> <span class='ocrx_word' id='word_1_215' title='bbox 616 1587 709 1622; x_wconf 90' lang='lat' dir='ltr'><strong>quas</strong></span> <span class='ocrx_word' id='word_1_216' title='bbox 745 1576 835 1611; x_wconf 90' lang='lat' dir='ltr'><strong>item</strong></span> <span class='ocrx_word' id='word_1_217' title='bbox 873 1575 1082 1611; x_wconf 82' lang='lat' dir='ltr'><strong>offenderat</strong></span> <span class='ocrx_word' id='word_1_218' title='bbox 1118 1575 1319 1619; x_wconf 88' lang='lat' dir='ltr'><strong>Planudes,</strong></span> <span class='ocrx_word' id='word_1_219' title='bbox 1357 1575 1403 1611; x_wconf 75' lang='lat' dir='ltr'><strong>cf.</strong></span> <span class='ocrx_word' id='word_1_220' title='bbox 1430 1577 1480 1611; x_wconf 81' lang='lat' dir='ltr'><strong>A.</strong></span> <span class='ocrx_word' id='word_1_221' title='bbox 1504 1574 1545 1610; x_wconf 91' lang='lat' dir='ltr'><strong>P.</strong></span> <span class='ocrx_word' id='word_1_222' title='bbox 1570 1574 1649 1610; x_wconf 84' lang='lat' dir='ltr'><strong>vn</strong></span> <span class='ocrx_word' id='word_1_223' title='bbox 1673 1575 1797 1618; x_wconf 48' lang='lat' dir='ltr'>247.st</span> 
     </span>
     <span class='ocr_line' id='line_1_25' title="bbox 257 1632 1218 1679; baseline 0.001 -10"><span class='ocrx_word' id='word_1_224' title='bbox 257 1634 335 1670; x_wconf 91' lang='lat' dir='ltr'><strong>VII</strong></span> <span class='ocrx_word' id='word_1_225' title='bbox 359 1634 480 1677; x_wconf 82' lang='lat'><strong>567,5;</strong></span> <span class='ocrx_word' id='word_1_226' title='bbox 509 1633 588 1670; x_wconf 88' lang='lat' dir='ltr'><strong>VII</strong></span> <span class='ocrx_word' id='word_1_227' title='bbox 613 1633 740 1679; x_wconf 79' lang='lat'><strong>628,4;</strong></span> <span class='ocrx_word' id='word_1_228' title='bbox 765 1632 844 1669; x_wconf 89' lang='lat' dir='ltr'><strong>V11</strong></span> <span class='ocrx_word' id='word_1_229' title='bbox 870 1633 988 1678; x_wconf 84' lang='grc'><strong>660,3;</strong></span> <span class='ocrx_word' id='word_1_230' title='bbox 1017 1632 1074 1670; x_wconf 84' lang='grc' dir='ltr'><strong>ΙΧ</strong></span> <span class='ocrx_word' id='word_1_231' title='bbox 1097 1633 1218 1678; x_wconf 83' lang='grc'><strong>439,5.</strong></span> 
     </span>
    </p>
   </div>
   <div class='ocr_carea' id='block_1_3' title="bbox 889 1899 1169 1914">
    <p class='ocr_par' dir='ltr' id='par_1_7' title="bbox 889 1899 1169 1914">
     <span class='ocr_line' id='line_1_26' title="bbox 889 1899 1169 1914; baseline 0.007 -3"><span class='ocrx_word' id='word_1_232' title='bbox 889 1899 1169 1914; x_wconf 55' lang='grc' dir='ltr'>ἊἯΛ-κΛΛΛΛΛ</span> 
     </span>
    </p>
   </div>
   <div class='ocr_carea' id='block_1_4' title="bbox 1866 0 1964 2069">
    <p class='ocr_par' dir='ltr' id='par_1_8' title="bbox 1866 0 1964 2069">
     <span class='ocr_line' id='line_1_27' title="bbox 1866 0 1964 2069; baseline 0 0"><span class='ocrx_word' id='word_1_233' title='bbox 1866 0 1964 2069; x_wconf 95' lang='lat' dir='ltr'><strong> </strong></span> 
     </span>
    </p>
   </div>
  </div>
 </body>
</html>
