1964 3053
1751 37 1836 118 f

237 266 293 311 de
344 267 537 312 versibus
588 265 674 310 iam
729 267 860 309 antea
905 264 1065 309 dietum
1112 268 1195 317 est;
1242 262 1356 309 adde
1385 267 1612 321 utrumque
1643 262 1773 308 semi-

238 336 482 395 septenaria
512 335 760 380 distinctum
793 348 890 380 esse
923 347 949 378 a
980 334 1230 391 Crinagora.

354 409 394 451 3.
428 420 495 464 ep.
527 406 649 461 41‚3:
682 405 796 448 ἀείδει
827 403 1054 463 δ’Ἑκοὶλης
1084 421 1126 449 τε
1157 398 1421 458 ,,ΦιλοΕείνοιο
1452 405 1651 464 καλιήν“;

426 491 492 536 ep.
526 478 647 532 42‚1:
679 477 817 535 Νῆσον
847 480 932 535 τήν,
967 478 1000 520 εἰ
1030 479 1095 521 καί
1126 493 1175 535 με
1205 480 1506 538 περιγράψαντες
1535 478 1705 537 ἔχουσιν;

426 562 494 606 ep.
527 549 650 603 34,5:
683 550 753 591 οἷσι
783 550 855 608 γὰρ
887 548 976 591 οὐδὲ
1007 542 1116 609 πέριξ
1147 551 1326 610 δρυτόμοι
1357 549 1705 608 ἀπεφαιδρύναντο;

426 629 492 677 ep⁴
525 619 645 675 36‚3:
682 625 810 678 χαῖται
846 617 881 662 δ’
929 645 984 651 -—
1032 621 1076 663 οὐ
1115 622 1257 679 μήλοις
1294 623 1362 664 ἅτε
1397 636 1469 664 που
1507 620 1678 677 μαλακοὶ
1715 621 1773 664 ἔπι

685 691 832 749 μάλλοι
861 707 940 746 -;

352 763 392 805 7.
425 776 493 819 ep.
525 763 645 817 22,3:
678 765 869 821 ἥρπασας,
903 762 936 805 ὦ
967 761 1262 819 ἄλλιστ”Αΐδη·
1294 764 1328 804 τί
1358 765 1531 823 πρόωρον
1561 763 1696 822 ἐφιεῖς;

351 833 391 879 8.
425 847 492 891 ep.
524 834 643 888 23‚5:
677 834 817 877 ὀθνεῖοι
847 838 1045 892 καμάτους
1073 832 1163 882 τοὺς
1193 834 1285 882 σούς
1315 834 1622 895 διεμοιρήσαντος

351 908 391 949 9.
424 918 491 962 ep.
527 905 644 959 18,5:
676 906 777 948 παιδὶ
806 911 892 965 γάρ,
926 908 968 949 ὃν
999 905 1133 965 τύμβῳ
1164 906 1250 963 δίης
1281 905 1502 963 ὑπεθήκατε
1533 906 1678 963 βώλου.

352 481 393 662 Ρῑὲ-ἨΡ

348 975 538 1021 Tertium
576 981 620 1020 et
650 981 845 1033 quartum
878 976 1123 1035 exemplum
1156 978 1351 1023 omittere
1382 976 1608 1032 debebam,
1639 978 1771 1034 siqui-

233 1046 332 1090 dem
372 1046 533 1090 voculis
564 1061 606 1087 τε
638 1053 680 1091 et
717 1062 766 1103 με
793 1046 1125 1091 adhaerentibus
1163 1060 1342 1092 caesura
1379 1062 1415 1090 κ.
1448 1062 1505 1107 τρ.
1539 1063 1645 1107 τροχ.
1677 1047 1770 1093 effi-

233 1117 355 1161 citur.
417 1114 466 1159 In
497 1117 658 1172 quinto,
681 1122 816 1172 sexto,
849 1116 1035 1173 septimo
1057 1116 1256 1174 exemplo
1277 1116 1498 1163 offendere
1517 1132 1604 1164 non
1630 1122 1770 1176 potes,

235 1199 331 1229 eum
383 1185 556 1240 egregie
603 1186 848 1230 molliantur
894 1186 1152 1243 anapaestis.
1215 1184 1309 1237 Qua
1359 1186 1529 1232 medela
1577 1187 1770 1232 destituti

233 1255 434 1310 leguntur
465 1254 545 1299 soli
578 1255 618 1299 ei
639 1254 892 1311 hexametri,
924 1255 997 1311 qui
1015 1255 1221 1313 postremi
1253 1256 1453 1301 recensiti
1483 1264 1595 1313 sunt,
1626 1259 1675 1301 ut
1704 1261 1769 1301 ta-

233 1339 332 1368 men
380 1324 738 1381 Semiseptenaria
784 1338 966 1369 caesura
1011 1328 1163 1368 neuter
1205 1330 1362 1369 careat.
1423 1327 1563 1382 Atque
1601 1327 1769 1370 etiamsi

231 1393 485 1437 facillimum
516 1393 573 1437 sit
602 1398 887 1451 anapaestum
918 1393 962 1436 in
985 1396 1183 1438 octavum
1216 1393 1509 1439 hexametrum
1534 1396 1620 1453 (ep.
1643 1396 1767 1451 23‚5)

230 1463 387 1507 inferre
424 1463 594 1507 inverso
634 1464 862 1508 verborum
899 1467 1096 1519 καμάτους
1134 1462 1225 1511 τοὺς
1255 1463 1347 1512 σοὺς
1377 1464 1528 1510 ordine
1560 1465 1767 1522 (scribere

230 1534 345 1578 enim
366 1532 472 1579 licet
490 1531 581 1581 τοὺς
611 1532 704 1582 σοὺς
733 1538 944 1591 καμάτους,
985 1534 1098 1593 quod
1129 1536 1273 1580 sensui
1304 1548 1390 1580 non
1427 1535 1671 1593 repugnat),
1702 1539 1768 1580 ta-

230 1617 330 1648 men
370 1605 619 1649 oonieetura
656 1606 790 1650 satius
828 1611 894 1650 est
928 1606 1158 1660 abstinere,
1196 1619 1293 1649 eum
1332 1605 1413 1649 hoe
1448 1609 1620 1649 carmen
1658 1605 1769 1649 inter

228 1674 372 1730 priora
393 1672 657 1729 Crinagorea
676 1674 817 1719 loeum
840 1674 1010 1719 habeat.
1072 1674 1210 1719 Aliter
1232 1675 1462 1720 statuimus
1483 1673 1539 1718 de
1560 1688 1629 1732 ep.
1655 1674 1767 1730 18‚5.

228 1743 418 1787 Primum
436 1758 522 1788 non
540 1745 884 1801 praetermittere
900 1745 1003 1789 lieet
1017 1744 1099 1789 hoe
1120 1746 1400 1802 epigramma,
1422 1743 1480 1788 ad
1500 1743 1614 1800 quod
1635 1744 1767 1788 hexa-

228 1816 367 1857 meter
398 1812 597 1870 pertinet,
619 1812 890 1858 referendum
913 1826 1009 1859 esse
1029 1813 1141 1858 inter
1162 1826 1228 1869 ea,
1250 1826 1360 1870 quae
1381 1815 1562 1858 venusta
1581 1811 1767 1870 quadam

228 1883 486 1927 incisionum
519 1888 612 1927 arte
643 1882 1020 1939 exsplendescunt,
1053 1883 1312 1939 sepulcralia
1335 1883 1410 1926 illa
1430 1882 1603 1939 quidem
1628 1883 1767 1926 maxi-

228 1965 344 1996 mam
388 1954 571 2010 partem.
634 1950 828 2010 Excepto
866 1952 982 1996 enim
1021 1950 1104 1997 hoe
1139 1951 1234 2012 ipso
1272 1965 1396 1998 versu
1434 1951 1580 2010 quinto
1617 1965 1767 1998 omnes

229 2022 467 2066 hexametri
517 2023 614 2078 pari
664 2022 793 2065 modo
839 2023 1086 2066 inciduntur
1131 2026 1175 2065 et
1223 2021 1442 2065 trochaica
1486 2027 1529 2065 et
1576 2022 1769 2066 bucolica

227 2091 430 2137 caesuris.
491 2089 611 2137 Idem
657 2091 908 2137 observatur
951 2091 994 2137 in
1050 2105 1147 2150 epp.
1197 2092 1251 2135 15
1304 2096 1348 2137 et
1401 2093 1441 2147 1,
1494 2090 1607 2148 quod
1657 2090 1766 2137 salso

227 2163 340 2204 inter
390 2161 552 2204 erotica
601 2161 775 2216 legitur;
821 2162 866 2203 in
913 2174 981 2218 ep.
1031 2162 1086 2202 14
1136 2164 1279 2203 autem
1328 2173 1479 2212 omnes
1530 2160 1767 2204 hexametri

228 2230 546 2287 distinguuntur
605 2230 883 2275 incisionibus
943 2230 1249 2287 semiquinaria
1298 2235 1341 2275 et
1392 2229 1600 2285 bucolica,
1653 2229 1767 2287 quod

225 2300 341 2344 idem
389 2299 506 2344 cadit
549 2300 596 2343 in
641 2313 740 2357 epp.
779 2301 850 2355 39,
893 2300 966 2355 48,
1004 2300 1073 2344 49.
1135 2299 1228 2351 Quo
1281 2300 1419 2355 magis
1465 2299 1765 2348 admirandum

226 2374 294 2415 est
324 2384 498 2415 carmen
532 2370 600 2426 18,
633 2368 748 2426 quod
778 2369 967 2426 alioquin
999 2368 1114 2413 haud
1144 2369 1401 2414 inconcinne
1431 2368 1654 2414 eonditum
1685 2373 1766 2425 est,

226 2440 338 2484 huno
383 2452 552 2483 versum
600 2443 688 2483 tam
736 2439 951 2494 scabrum,
993 2443 1082 2483 tam
1128 2452 1214 2483 non
1261 2438 1496 2497 expolitum
1547 2439 1766 2484 continere

225 2511 326 2554 παιδὶ
344 2512 418 2570 γὰρ
438 2511 480 2552 ὃν
501 2509 635 2568 τύμβῳ
657 2510 742 2567 δίης
763 2508 986 2566 ὑπεθήκατε
1007 2508 1153 2566 βώλου,
1184 2510 1312 2554 etiam
1345 2510 1460 2555 exitu
1492 2508 1765 2554 recedentem

226 2596 252 2626 a
273 2582 504 2640 politorum
536 2580 882 2626 hexametrorum
918 2580 1056 2624 forma
1092 2579 1170 2635 (ef.
1209 2578 1391 2623 Kaibelii
1432 2576 1765 2635 Philodemum).

225 2652 418 2697 Alterum
436 2650 606 2696 aceedit
619 2650 749 2707 idque
766 2664 852 2695 non
862 2651 984 2708 parvi
998 2649 1248 2694 taxandum.
1266 2648 1361 2694 lure
1377 2649 1492 2694 enim
1503 2648 1766 2718 Heekerus&

343 2755 368 2801 ¹)
395 2755 498 2791 Idem
529 2765 563 2791 v.
595 2754 630 2791 d.
662 2757 701 2790 et
732 2774 776 2781 —
808 2754 907 2801 quod
943 2754 1100 2790 nescivit
1131 2773 1174 2779 —
1205 2753 1279 2790 iam
1310 2757 1422 2790 antea
1453 2752 1622 2790 Geistius
1656 2762 1767 2790 versu

223 2817 356 2860 quarto
380 2812 575 2861 proposuit
594 2809 747 2856 ὀξείαις,
773 2812 871 2858 quod
896 2811 1176 2848 commendatur
1199 2822 1233 2849 v.
1258 2812 1303 2856 7.,
1328 2811 1393 2847 ubi
1416 2814 1517 2848 terra
1539 2809 1767 2857 σηματόοσσα
