<?xml version="1.0" encoding="UTF-8"?>
<!DOCTYPE html PUBLIC "-//W3C//DTD XHTML 1.0 Transitional//EN"
    "http://www.w3.org/TR/xhtml1/DTD/xhtml1-transitional.dtd">
<html xmlns="http://www.w3.org/1999/xhtml" xml:lang="en" lang="en">
 <head>
  <title>
</title>
<meta http-equiv="Content-Type" content="text/html;charset=utf-8" />
  <meta name='ocr-system' content='tesseract 3.04.00' />
  <meta name='ocr-capabilities' content='ocr_page ocr_carea ocr_par ocr_line ocrx_word'/>
</head>
<body>
  <div class='ocr_page' id='page_1' title='image "4738131_0022.png"; bbox 0 0 1964 3053; ppageno 0'>
   <div class='ocr_carea' id='block_1_1' title="bbox 797 160 1086 201">
    <p class='ocr_par' dir='ltr' id='par_1_1' title="bbox 797 160 1086 201">
     <span class='ocr_line' id='line_1_1' title="bbox 797 160 1086 201; baseline 0.003 -12"><span class='ocrx_word' id='word_1_1' title='bbox 797 160 1086 201; x_wconf 71' lang='lat'>-12-</span> 
     </span>
    </p>
   </div>
   <div class='ocr_carea' id='block_1_2' title="bbox 165 284 1708 1114">
    <p class='ocr_par' dir='ltr' id='par_1_2' title="bbox 169 284 1708 623">
     <span class='ocr_line' id='line_1_2' title="bbox 169 284 1708 344; baseline 0.004 -15"><span class='ocrx_word' id='word_1_2' title='bbox 169 284 340 340; x_wconf 68' lang='lat' dir='ltr'><strong>egisse..</strong></span> <span class='ocrx_word' id='word_1_3' title='bbox 387 285 494 331; x_wconf 88' lang='lat' dir='ltr'><strong>Cum</strong></span> <span class='ocrx_word' id='word_1_4' title='bbox 523 286 767 343; x_wconf 82' lang='lat' dir='ltr'><strong>nuptiarum</strong></span> <span class='ocrx_word' id='word_1_5' title='bbox 800 285 960 331; x_wconf 89' lang='lat' dir='ltr'><strong>mentio</strong></span> <span class='ocrx_word' id='word_1_6' title='bbox 990 297 1076 331; x_wconf 91' lang='lat' dir='ltr'><strong>non</strong></span> <span class='ocrx_word' id='word_1_7' title='bbox 1106 286 1182 331; x_wconf 88' lang='lat' dir='ltr'><strong>fiat</strong></span> <span class='ocrx_word' id='word_1_8' title='bbox 1212 299 1349 344; x_wconf 90' lang='lat' dir='ltr'><strong>neque</strong></span> <span class='ocrx_word' id='word_1_9' title='bbox 1379 286 1458 333; x_wconf 88' lang='lat' dir='ltr'><strong>bas</strong></span> <span class='ocrx_word' id='word_1_10' title='bbox 1478 287 1708 335; x_wconf 78' lang='lat' dir='ltr'><strong>sollemnia</strong></span> 
     </span>
     <span class='ocr_line' id='line_1_3' title="bbox 170 355 1708 417; baseline 0.005 -19"><span class='ocrx_word' id='word_1_11' title='bbox 170 368 237 410; x_wconf 90' lang='lat' dir='ltr'><strong>ea,</strong></span> <span class='ocrx_word' id='word_1_12' title='bbox 254 355 405 412; x_wconf 90' lang='lat' dir='ltr'><strong>quibus</strong></span> <span class='ocrx_word' id='word_1_13' title='bbox 419 356 462 399; x_wconf 88' lang='grc' dir='ltr'><strong>τὸ</strong></span> <span class='ocrx_word' id='word_1_14' title='bbox 478 359 628 416; x_wconf 79' lang='grc' dir='ltr'><strong>πρῶτον</strong></span> <span class='ocrx_word' id='word_1_15' title='bbox 642 357 788 414; x_wconf 68' lang='grc' dir='ltr'><strong>γενύων</strong></span> <span class='ocrx_word' id='word_1_16' title='bbox 805 357 989 414; x_wconf 72' lang='grc' dir='ltr'><strong>ἡῑῦἐοισιν</strong></span> <span class='ocrx_word' id='word_1_17' title='bbox 1005 356 1075 417; x_wconf 82' lang='grc' dir='ltr'><strong>ἔαρ</strong></span> <span class='ocrx_word' id='word_1_18' title='bbox 1083 356 1118 413; x_wconf 84' lang='lat'><strong>¹)</strong></span> <span class='ocrx_word' id='word_1_19' title='bbox 1135 356 1406 415; x_wconf 79' lang='lat' dir='ltr'><strong>tondebatur,</strong></span> <span class='ocrx_word' id='word_1_20' title='bbox 1423 359 1708 405; x_wconf 75' lang='lat' dir='ltr'><strong>antecessisse</strong></span> 
     </span>
     <span class='ocr_line' id='line_1_4' title="bbox 169 426 1708 485; baseline 0.003 -16"><span class='ocrx_word' id='word_1_21' title='bbox 169 427 400 471; x_wconf 87' lang='lat' dir='ltr'><strong>verisimile</strong></span> <span class='ocrx_word' id='word_1_22' title='bbox 422 429 489 482; x_wconf 89' lang='lat' dir='ltr'><strong>sit,</strong></span> <span class='ocrx_word' id='word_1_23' title='bbox 512 428 793 485; x_wconf 78' lang='lat' dir='ltr'><strong>epigramma,</strong></span> <span class='ocrx_word' id='word_1_24' title='bbox 831 426 885 472; x_wconf 87' lang='lat' dir='ltr'><strong>de</strong></span> <span class='ocrx_word' id='word_1_25' title='bbox 925 441 1008 485; x_wconf 92' lang='lat' dir='ltr'><strong>quo</strong></span> <span class='ocrx_word' id='word_1_26' title='bbox 1050 428 1231 484; x_wconf 85' lang='lat' dir='ltr'><strong>agimus,</strong></span> <span class='ocrx_word' id='word_1_27' title='bbox 1268 429 1442 474; x_wconf 79' lang='lat' dir='ltr'><strong>ineunte</strong></span> <span class='ocrx_word' id='word_1_28' title='bbox 1471 444 1584 473; x_wconf 78' lang='lat' dir='ltr'><strong>anno</strong></span> <span class='ocrx_word' id='word_1_29' title='bbox 1618 427 1708 474; x_wconf 82' lang='lat'><strong>729</strong></span> 
     </span>
     <span class='ocr_line' id='line_1_5' title="bbox 169 494 1708 556; baseline 0.003 -18"><span class='ocrx_word' id='word_1_30' title='bbox 169 494 389 539; x_wconf 90' lang='lat' dir='ltr'><strong>conditum</strong></span> <span class='ocrx_word' id='word_1_31' title='bbox 436 500 520 551; x_wconf 85' lang='lat' dir='ltr'><strong>est3</strong></span> <span class='ocrx_word' id='word_1_32' title='bbox 567 501 696 554; x_wconf 89' lang='lat' dir='ltr'><strong>atque</strong></span> <span class='ocrx_word' id='word_1_33' title='bbox 742 497 854 542; x_wconf 91' lang='lat' dir='ltr'><strong>hunc</strong></span> <span class='ocrx_word' id='word_1_34' title='bbox 900 497 945 540; x_wconf 90' lang='lat' dir='ltr'><strong>in</strong></span> <span class='ocrx_word' id='word_1_35' title='bbox 992 496 1167 542; x_wconf 91' lang='lat' dir='ltr'><strong>modum</strong></span> <span class='ocrx_word' id='word_1_36' title='bbox 1215 500 1376 541; x_wconf 89' lang='lat' dir='ltr'><strong>certum</strong></span> <span class='ocrx_word' id='word_1_37' title='bbox 1399 527 1405 532; x_wconf 90' lang='lat'>-</span> <span class='ocrx_word' id='word_1_38' title='bbox 1428 496 1708 556; x_wconf 79' lang='lat' dir='ltr'><strong>adipiscimur</strong></span> 
     </span>
     <span class='ocr_line' id='line_1_6' title="bbox 169 565 1707 623; baseline 0.003 -14"><span class='ocrx_word' id='word_1_39' title='bbox 169 578 342 622; x_wconf 89' lang='lat' dir='ltr'><strong>annum,</strong></span> <span class='ocrx_word' id='word_1_40' title='bbox 375 580 457 623; x_wconf 91' lang='lat' dir='ltr'><strong>quo</strong></span> <span class='ocrx_word' id='word_1_41' title='bbox 490 565 749 623; x_wconf 86' lang='lat' dir='ltr'><strong>Crinagoras</strong></span> <span class='ocrx_word' id='word_1_42' title='bbox 779 567 943 612; x_wconf 88' lang='lat' dir='ltr'><strong>Romae</strong></span> <span class='ocrx_word' id='word_1_43' title='bbox 971 567 1059 612; x_wconf 88' lang='lat' dir='ltr'><strong>iam</strong></span> <span class='ocrx_word' id='word_1_44' title='bbox 1096 571 1289 612; x_wconf 89' lang='lat' dir='ltr'><strong>versatus</strong></span> <span class='ocrx_word' id='word_1_45' title='bbox 1325 567 1382 612; x_wconf 90' lang='lat' dir='ltr'><strong>sit</strong></span> <span class='ocrx_word' id='word_1_46' title='bbox 1416 580 1596 614; x_wconf 88' lang='lat' dir='ltr'><strong>necesse</strong></span> <span class='ocrx_word' id='word_1_47' title='bbox 1626 572 1707 614; x_wconf 88' lang='lat' dir='ltr'><strong>est.</strong></span> 
     </span>
    </p>

    <p class='ocr_par' dir='ltr' id='par_1_3' title="bbox 165 635 1707 1114">
     <span class='ocr_line' id='line_1_7' title="bbox 284 635 1707 697; baseline 0.003 -18"><span class='ocrx_word' id='word_1_48' title='bbox 284 635 342 679; x_wconf 93' lang='lat' dir='ltr'><strong>At</strong></span> <span class='ocrx_word' id='word_1_49' title='bbox 371 636 543 681; x_wconf 90' lang='lat' dir='ltr'><strong>etiamsi</strong></span> <span class='ocrx_word' id='word_1_50' title='bbox 573 635 656 682; x_wconf 89' lang='lat' dir='ltr'><strong>hoc</strong></span> <span class='ocrx_word' id='word_1_51' title='bbox 687 635 1011 696; x_wconf 83' lang='lat' dir='ltr'><strong>epigrammate,</strong></span> <span class='ocrx_word' id='word_1_52' title='bbox 1034 636 1148 695; x_wconf 91' lang='lat' dir='ltr'><strong>quod</strong></span> <span class='ocrx_word' id='word_1_53' title='bbox 1178 637 1329 682; x_wconf 87' lang='lat' dir='ltr'><strong>merito</strong></span> <span class='ocrx_word' id='word_1_54' title='bbox 1359 637 1405 681; x_wconf 95' lang='lat' dir='ltr'><strong>in</strong></span> <span class='ocrx_word' id='word_1_55' title='bbox 1434 637 1523 682; x_wconf 81' lang='lat' dir='ltr'><strong>vita</strong></span> <span class='ocrx_word' id='word_1_56' title='bbox 1550 642 1707 697; x_wconf 90' lang='lat' dir='ltr'><strong>poetae</strong></span> 
     </span>
     <span class='ocr_line' id='line_1_8' title="bbox 167 705 1707 766; baseline 0.003 -17"><span class='ocrx_word' id='word_1_57' title='bbox 167 705 419 762; x_wconf 86' lang='lat' dir='ltr'><strong>praefigitur</strong></span> <span class='ocrx_word' id='word_1_58' title='bbox 449 707 618 763; x_wconf 89' lang='lat' dir='ltr'><strong>ceteris,</strong></span> <span class='ocrx_word' id='word_1_59' title='bbox 649 708 789 765; x_wconf 91' lang='lat' dir='ltr'><strong>primo</strong></span> <span class='ocrx_word' id='word_1_60' title='bbox 819 708 1122 766; x_wconf 78' lang='lat' dir='ltr'><strong>peregrinatio,</strong></span> <span class='ocrx_word' id='word_1_61' title='bbox 1154 712 1202 753; x_wconf 91' lang='lat' dir='ltr'><strong>ut</strong></span> <span class='ocrx_word' id='word_1_62' title='bbox 1229 709 1292 753; x_wconf 88' lang='lat' dir='ltr'><strong>ita</strong></span> <span class='ocrx_word' id='word_1_63' title='bbox 1323 707 1480 764; x_wconf 90' lang='lat' dir='ltr'><strong>dicam,</strong></span> <span class='ocrx_word' id='word_1_64' title='bbox 1510 708 1707 754; x_wconf 86' lang='lat' dir='ltr'><strong>Romana</strong></span> 
     </span>
     <span class='ocr_line' id='line_1_9' title="bbox 166 774 1702 836; baseline 0.003 -17"><span class='ocrx_word' id='word_1_65' title='bbox 166 774 419 832; x_wconf 85' lang='lat' dir='ltr'><strong>stabiliatur,</strong></span> <span class='ocrx_word' id='word_1_66' title='bbox 451 776 507 821; x_wconf 92' lang='lat' dir='ltr'><strong>ob</strong></span> <span class='ocrx_word' id='word_1_67' title='bbox 536 777 678 836; x_wconf 86' lang='lat' dir='ltr'><strong>ipsum</strong></span> <span class='ocrx_word' id='word_1_68' title='bbox 711 781 1009 834; x_wconf 88' lang='lat' dir='ltr'><strong>argumentum</strong></span> <span class='ocrx_word' id='word_1_69' title='bbox 1031 777 1102 821; x_wconf 86' lang='lat' dir='ltr'><strong>vix</strong></span> <span class='ocrx_word' id='word_1_70' title='bbox 1123 776 1418 823; x_wconf 89' lang='lat' dir='ltr'><strong>aberrabimus</strong></span> <span class='ocrx_word' id='word_1_71' title='bbox 1439 777 1702 835; x_wconf 86' lang='lat' dir='ltr'><strong>coniectura,</strong></span> 
     </span>
     <span class='ocr_line' id='line_1_10' title="bbox 166 846 1705 904; baseline 0.003 -15"><span class='ocrx_word' id='word_1_72' title='bbox 166 846 203 889; x_wconf 91' lang='lat' dir='ltr'><strong>si</strong></span> <span class='ocrx_word' id='word_1_73' title='bbox 234 846 321 888; x_wconf 91' lang='lat' dir='ltr'><strong>iam</strong></span> <span class='ocrx_word' id='word_1_74' title='bbox 353 846 521 902; x_wconf 85' lang='lat' dir='ltr'><strong>aliquot</strong></span> <span class='ocrx_word' id='word_1_75' title='bbox 550 847 676 891; x_wconf 90' lang='lat' dir='ltr'><strong>annis</strong></span> <span class='ocrx_word' id='word_1_76' title='bbox 706 852 938 904; x_wconf 91' lang='lat' dir='ltr'><strong>antequam</strong></span> <span class='ocrx_word' id='word_1_77' title='bbox 969 848 1033 892; x_wconf 89' lang='lat' dir='ltr'><strong>sic</strong></span> <span class='ocrx_word' id='word_1_78' title='bbox 1064 847 1118 891; x_wconf 92' lang='lat' dir='ltr'><strong>de</strong></span> <span class='ocrx_word' id='word_1_79' title='bbox 1149 846 1355 891; x_wconf 85' lang='lat' dir='ltr'><strong>Marcello</strong></span> <span class='ocrx_word' id='word_1_80' title='bbox 1393 847 1526 892; x_wconf 85' lang='lat' dir='ltr'><strong>verba</strong></span> <span class='ocrx_word' id='word_1_81' title='bbox 1561 848 1705 893; x_wconf 85' lang='lat' dir='ltr'><strong>facere</strong></span> 
     </span>
     <span class='ocr_line' id='line_1_11' title="bbox 165 913 1705 975; baseline 0.002 -17"><span class='ocrx_word' id='word_1_82' title='bbox 165 917 329 971; x_wconf 90' lang='lat' dir='ltr'><strong>posset,</strong></span> <span class='ocrx_word' id='word_1_83' title='bbox 350 913 514 959; x_wconf 88' lang='lat' dir='ltr'><strong>Romae</strong></span> <span class='ocrx_word' id='word_1_84' title='bbox 536 914 817 972; x_wconf 85' lang='lat' dir='ltr'><strong>Grinagoram</strong></span> <span class='ocrx_word' id='word_1_85' title='bbox 838 919 1050 961; x_wconf 89' lang='lat' dir='ltr'><strong>moratum</strong></span> <span class='ocrx_word' id='word_1_86' title='bbox 1072 928 1168 960; x_wconf 91' lang='lat' dir='ltr'><strong>esse</strong></span> <span class='ocrx_word' id='word_1_87' title='bbox 1200 914 1521 961; x_wconf 86' lang='lat' dir='ltr'><strong>contendemus.</strong></span> <span class='ocrx_word' id='word_1_88' title='bbox 1561 915 1705 975; x_wconf 86' lang='lat' dir='ltr'><strong>Atque</strong></span> 
     </span>
     <span class='ocr_line' id='line_1_12' title="bbox 165 984 1704 1043; baseline 0.002 -16"><span class='ocrx_word' id='word_1_89' title='bbox 165 997 319 1041; x_wconf 86' lang='lat' dir='ltr'><strong>reapse</strong></span> <span class='ocrx_word' id='word_1_90' title='bbox 364 984 447 1028; x_wconf 92' lang='lat' dir='ltr'><strong>hoc</strong></span> <span class='ocrx_word' id='word_1_91' title='bbox 492 986 809 1043; x_wconf 89' lang='lat' dir='ltr'><strong>comprobatur,</strong></span> <span class='ocrx_word' id='word_1_92' title='bbox 849 987 931 1030; x_wconf 89' lang='lat' dir='ltr'><strong>etsi</strong></span> <span class='ocrx_word' id='word_1_93' title='bbox 969 985 1157 1030; x_wconf 89' lang='lat' dir='ltr'><strong>Geistius</strong></span> <span class='ocrx_word' id='word_1_94' title='bbox 1203 991 1247 1029; x_wconf 93' lang='lat' dir='ltr'><strong>et</strong></span> <span class='ocrx_word' id='word_1_95' title='bbox 1291 986 1365 1030; x_wconf 89' lang='lat' dir='ltr'><strong>alii</strong></span> <span class='ocrx_word' id='word_1_96' title='bbox 1408 986 1453 1029; x_wconf 90' lang='lat' dir='ltr'><strong>id</strong></span> <span class='ocrx_word' id='word_1_97' title='bbox 1499 986 1704 1031; x_wconf 90' lang='lat' dir='ltr'><strong>adhibere</strong></span> 
     </span>
     <span class='ocr_line' id='line_1_13' title="bbox 165 1053 1060 1114; baseline 0.004 -17"><span class='ocrx_word' id='word_1_98' title='bbox 165 1053 463 1111; x_wconf 81' lang='lat' dir='ltr'><strong>neglexerunt,</strong></span> <span class='ocrx_word' id='word_1_99' title='bbox 496 1054 660 1114; x_wconf 90' lang='lat' dir='ltr'><strong>optime</strong></span> <span class='ocrx_word' id='word_1_100' title='bbox 691 1060 736 1101; x_wconf 93' lang='lat' dir='ltr'><strong>et</strong></span> <span class='ocrx_word' id='word_1_101' title='bbox 764 1054 974 1101; x_wconf 87' lang='lat' dir='ltr'><strong>fidissime</strong></span> <span class='ocrx_word' id='word_1_102' title='bbox 1005 1068 1060 1101; x_wconf 87' lang='lat' dir='ltr'><strong>ex</strong></span> 
     </span>
    </p>
   </div>
   <div class='ocr_carea' id='block_1_3' title="bbox 154 1137 1707 2527">
    <p class='ocr_par' dir='ltr' id='par_1_4' title="bbox 855 1137 1018 1196">
     <span class='ocr_line' id='line_1_14' title="bbox 855 1137 1018 1196; baseline -0.012 -14"><span class='ocrx_word' id='word_1_103' title='bbox 855 1153 918 1196; x_wconf 84' lang='lat' dir='ltr'><strong>ep.</strong></span> <span class='ocrx_word' id='word_1_104' title='bbox 953 1137 1018 1181; x_wconf 83' lang='lat'><strong>41.</strong></span> 
     </span>
    </p>

    <p class='ocr_par' dir='ltr' id='par_1_5' title="bbox 154 1205 1707 2527">
     <span class='ocr_line' id='line_1_15' title="bbox 282 1205 1704 1265; baseline 0.003 -15"><span class='ocrx_word' id='word_1_105' title='bbox 282 1205 417 1251; x_wconf 91' lang='lat' dir='ltr'><strong>Poeta</strong></span> <span class='ocrx_word' id='word_1_106' title='bbox 447 1205 587 1251; x_wconf 92' lang='lat' dir='ltr'><strong>eidem</strong></span> <span class='ocrx_word' id='word_1_107' title='bbox 612 1208 816 1253; x_wconf 83' lang='lat' dir='ltr'><strong>Marcello</strong></span> <span class='ocrx_word' id='word_1_108' title='bbox 839 1206 1093 1252; x_wconf 80' lang='lat' dir='ltr'><strong>Callimachi</strong></span> <span class='ocrx_word' id='word_1_109' title='bbox 1123 1221 1293 1265; x_wconf 91' lang='lat' dir='ltr'><strong>poema,</strong></span> <span class='ocrx_word' id='word_1_110' title='bbox 1316 1206 1429 1264; x_wconf 91' lang='lat' dir='ltr'><strong>quod</strong></span> <span class='ocrx_word' id='word_1_111' title='bbox 1458 1208 1704 1254; x_wconf 83' lang='lat' dir='ltr'><strong>inscribitur</strong></span> 
     </span>
     <span class='ocr_line' id='line_1_16' title="bbox 163 1274 1702 1335; baseline 0.003 -17"><span class='ocrx_word' id='word_1_112' title='bbox 163 1275 340 1330; x_wconf 89' lang='lat' dir='ltr'><strong>Hecale,</strong></span> <span class='ocrx_word' id='word_1_113' title='bbox 379 1274 494 1319; x_wconf 91' lang='lat' dir='ltr'><strong>dono</strong></span> <span class='ocrx_word' id='word_1_114' title='bbox 531 1277 677 1332; x_wconf 90' lang='lat' dir='ltr'><strong>mittit,</strong></span> <span class='ocrx_word' id='word_1_115' title='bbox 716 1290 814 1320; x_wconf 90' lang='lat' dir='ltr'><strong>cum</strong></span> <span class='ocrx_word' id='word_1_116' title='bbox 852 1289 932 1335; x_wconf 90' lang='lat' dir='ltr'><strong>par</strong></span> <span class='ocrx_word' id='word_1_117' title='bbox 968 1275 1133 1322; x_wconf 90' lang='lat' dir='ltr'><strong>Theseo</strong></span> <span class='ocrx_word' id='word_1_118' title='bbox 1169 1277 1298 1321; x_wconf 90' lang='lat' dir='ltr'><strong>robur</strong></span> <span class='ocrx_word' id='word_1_119' title='bbox 1332 1277 1532 1322; x_wconf 88' lang='lat' dir='ltr'><strong>iuventae</strong></span> <span class='ocrx_word' id='word_1_120' title='bbox 1563 1291 1702 1335; x_wconf 89' lang='lat' dir='ltr'><strong>neque</strong></span> 
     </span>
     <span class='ocr_line' id='line_1_17' title="bbox 163 1345 1702 1405; baseline 0.001 -15"><span class='ocrx_word' id='word_1_121' title='bbox 163 1346 374 1391; x_wconf 90' lang='lat' dir='ltr'><strong>minorem</strong></span> <span class='ocrx_word' id='word_1_122' title='bbox 437 1346 549 1391; x_wconf 87' lang='lat' dir='ltr'><strong>vitae</strong></span> <span class='ocrx_word' id='word_1_123' title='bbox 609 1346 882 1405; x_wconf 87' lang='lat' dir='ltr'><strong>splendorem</strong></span> <span class='ocrx_word' id='word_1_124' title='bbox 937 1346 1205 1392; x_wconf 88' lang='lat' dir='ltr'><strong>adulescenti</strong></span> <span class='ocrx_word' id='word_1_125' title='bbox 1266 1351 1399 1405; x_wconf 91' lang='lat' dir='ltr'><strong>optat.</strong></span> <span class='ocrx_word' id='word_1_126' title='bbox 1477 1345 1702 1393; x_wconf 88' lang='lat' dir='ltr'><strong>Nonnullis</strong></span> 
     </span>
     <span class='ocr_line' id='line_1_18' title="bbox 163 1415 1701 1475; baseline 0.003 -16"><span class='ocrx_word' id='word_1_127' title='bbox 163 1416 288 1460; x_wconf 91' lang='lat' dir='ltr'><strong>annis</strong></span> <span class='ocrx_word' id='word_1_128' title='bbox 333 1420 435 1461; x_wconf 91' lang='lat' dir='ltr'><strong>ante</strong></span> <span class='ocrx_word' id='word_1_129' title='bbox 480 1417 656 1475; x_wconf 88' lang='lat' dir='ltr'><strong>nuptias</strong></span> <span class='ocrx_word' id='word_1_130' title='bbox 704 1430 801 1461; x_wconf 91' lang='lat' dir='ltr'><strong>cum</strong></span> <span class='ocrx_word' id='word_1_131' title='bbox 837 1415 955 1461; x_wconf 88' lang='lat' dir='ltr'><strong>Julia</strong></span> <span class='ocrx_word' id='word_1_132' title='bbox 993 1416 1122 1461; x_wconf 88' lang='lat' dir='ltr'><strong>initas</strong></span> <span class='ocrx_word' id='word_1_133' title='bbox 1166 1430 1299 1475; x_wconf 90' lang='lat' dir='ltr'><strong>puero</strong></span> <span class='ocrx_word' id='word_1_134' title='bbox 1337 1417 1465 1462; x_wconf 91' lang='lat' dir='ltr'><strong>etiam</strong></span> <span class='ocrx_word' id='word_1_135' title='bbox 1495 1416 1701 1463; x_wconf 88' lang='lat' dir='ltr'><strong>Marcello</strong></span> 
     </span>
     <span class='ocr_line' id='line_1_19' title="bbox 162 1485 1700 1545; baseline 0.001 -14"><span class='ocrx_word' id='word_1_136' title='bbox 162 1485 245 1531; x_wconf 91' lang='lat' dir='ltr'><strong>hoc</strong></span> <span class='ocrx_word' id='word_1_137' title='bbox 277 1499 451 1532; x_wconf 88' lang='lat' dir='ltr'><strong>carmen</strong></span> <span class='ocrx_word' id='word_1_138' title='bbox 479 1487 784 1532; x_wconf 90' lang='lat' dir='ltr'><strong>concinnatum</strong></span> <span class='ocrx_word' id='word_1_139' title='bbox 815 1500 913 1532; x_wconf 91' lang='lat' dir='ltr'><strong>esse</strong></span> <span class='ocrx_word' id='word_1_140' title='bbox 943 1486 1090 1545; x_wconf 87' lang='lat' dir='ltr'><strong>liquet,</strong></span> <span class='ocrx_word' id='word_1_141' title='bbox 1122 1490 1171 1533; x_wconf 91' lang='lat' dir='ltr'><strong>ut</strong></span> <span class='ocrx_word' id='word_1_142' title='bbox 1200 1500 1315 1532; x_wconf 90' lang='lat' dir='ltr'><strong>nunc</strong></span> <span class='ocrx_word' id='word_1_143' title='bbox 1346 1486 1700 1533; x_wconf 87' lang='lat' dir='ltr'><strong>verisimillimum</strong></span> 
     </span>
     <span class='ocr_line' id='line_1_20' title="bbox 159 1555 1702 1615; baseline 0.001 -14"><span class='ocrx_word' id='word_1_144' title='bbox 159 1556 236 1601; x_wconf 90' lang='lat' dir='ltr'><strong>fiat</strong></span> <span class='ocrx_word' id='word_1_145' title='bbox 256 1581 310 1588; x_wconf 89' lang='lat'>—</span> <span class='ocrx_word' id='word_1_146' title='bbox 332 1556 379 1600; x_wconf 88' lang='lat' dir='ltr'><strong>id</strong></span> <span class='ocrx_word' id='word_1_147' title='bbox 410 1555 524 1614; x_wconf 91' lang='lat' dir='ltr'><strong>quod</strong></span> <span class='ocrx_word' id='word_1_148' title='bbox 556 1569 611 1602; x_wconf 86' lang='lat' dir='ltr'><strong>ex</strong></span> <span class='ocrx_word' id='word_1_149' title='bbox 635 1558 946 1615; x_wconf 84' lang='lat' dir='ltr'><strong>epigrammate</strong></span> <span class='ocrx_word' id='word_1_150' title='bbox 975 1556 1070 1615; x_wconf 89' lang='lat' dir='ltr'><strong>ipso</strong></span> <span class='ocrx_word' id='word_1_151' title='bbox 1089 1569 1177 1602; x_wconf 89' lang='lat' dir='ltr'><strong>non</strong></span> <span class='ocrx_word' id='word_1_152' title='bbox 1196 1556 1358 1602; x_wconf 86' lang='lat' dir='ltr'><strong>licebat</strong></span> <span class='ocrx_word' id='word_1_153' title='bbox 1378 1555 1435 1601; x_wconf 88' lang='lat' dir='ltr'><strong>ad</strong></span> <span class='ocrx_word' id='word_1_154' title='bbox 1456 1556 1702 1603; x_wconf 91' lang='lat' dir='ltr'><strong>confessum</strong></span> 
     </span>
     <span class='ocr_line' id='line_1_21' title="bbox 160 1625 1703 1684; baseline 0 -13"><span class='ocrx_word' id='word_1_155' title='bbox 160 1626 398 1684; x_wconf 87' lang='lat' dir='ltr'><strong>perducere</strong></span> <span class='ocrx_word' id='word_1_156' title='bbox 430 1651 486 1658; x_wconf 95' lang='lat'>—</span> <span class='ocrx_word' id='word_1_157' title='bbox 519 1625 801 1682; x_wconf 85' lang='lat' dir='ltr'><strong>Grinagoram</strong></span> <span class='ocrx_word' id='word_1_158' title='bbox 831 1639 928 1671; x_wconf 89' lang='lat' dir='ltr'><strong>cum</strong></span> <span class='ocrx_word' id='word_1_159' title='bbox 960 1640 1120 1684; x_wconf 89' lang='lat' dir='ltr'><strong>poema</strong></span> <span class='ocrx_word' id='word_1_160' title='bbox 1148 1627 1205 1669; x_wconf 88' lang='lat'><strong>23</strong></span> <span class='ocrx_word' id='word_1_161' title='bbox 1244 1627 1467 1681; x_wconf 86' lang='lat' dir='ltr'><strong>scriberet,</strong></span> <span class='ocrx_word' id='word_1_162' title='bbox 1498 1627 1585 1671; x_wconf 91' lang='lat' dir='ltr'><strong>iam</strong></span> <span class='ocrx_word' id='word_1_163' title='bbox 1617 1627 1703 1672; x_wconf 88' lang='lat' dir='ltr'><strong>Ro-</strong></span> 
     </span>
     <span class='ocr_line' id='line_1_22' title="bbox 160 1695 1704 1756; baseline 0.002 -15"><span class='ocrx_word' id='word_1_164' title='bbox 160 1710 259 1741; x_wconf 90' lang='lat' dir='ltr'><strong>mae</strong></span> <span class='ocrx_word' id='word_1_165' title='bbox 281 1696 424 1742; x_wconf 86' lang='lat' dir='ltr'><strong>fuisse.</strong></span> <span class='ocrx_word' id='word_1_166' title='bbox 471 1695 579 1742; x_wconf 85' lang='lat' dir='ltr'><strong>Item</strong></span> <span class='ocrx_word' id='word_1_167' title='bbox 601 1696 871 1756; x_wconf 87' lang='lat' dir='ltr'><strong>epigramma</strong></span> <span class='ocrx_word' id='word_1_168' title='bbox 889 1695 997 1741; x_wconf 92' lang='lat' dir='ltr'><strong>illud</strong></span> <span class='ocrx_word' id='word_1_169' title='bbox 1018 1697 1054 1742; x_wconf 89' lang='lat' dir='ltr'><strong>si</strong></span> <span class='ocrx_word' id='word_1_170' title='bbox 1077 1709 1174 1742; x_wconf 91' lang='lat' dir='ltr'><strong>cum</strong></span> <span class='ocrx_word' id='word_1_171' title='bbox 1196 1709 1262 1756; x_wconf 92' lang='lat' dir='ltr'><strong>ep.</strong></span> <span class='ocrx_word' id='word_1_172' title='bbox 1286 1697 1358 1754; x_wconf 88' lang='grc'><strong>29,</strong></span> <span class='ocrx_word' id='word_1_173' title='bbox 1381 1710 1464 1755; x_wconf 92' lang='lat' dir='ltr'><strong>quo</strong></span> <span class='ocrx_word' id='word_1_174' title='bbox 1486 1699 1704 1744; x_wconf 79' lang='lat' dir='ltr'><strong>Antoniae</strong></span> 
     </span>
     <span class='ocr_line' id='line_1_23' title="bbox 160 1766 1704 1826; baseline 0 -15"><span class='ocrx_word' id='word_1_175' title='bbox 160 1767 221 1823; x_wconf 89' lang='lat' dir='ltr'><strong>(v.</strong></span> <span class='ocrx_word' id='word_1_176' title='bbox 253 1781 295 1824; x_wconf 88' lang='lat' dir='ltr'><strong>p.</strong></span> <span class='ocrx_word' id='word_1_177' title='bbox 322 1768 397 1823; x_wconf 92' lang='grc'><strong>13)</strong></span> <span class='ocrx_word' id='word_1_178' title='bbox 430 1767 545 1812; x_wconf 90' lang='lat' dir='ltr'><strong>diem</strong></span> <span class='ocrx_word' id='word_1_179' title='bbox 576 1767 766 1812; x_wconf 91' lang='lat' dir='ltr'><strong>natalem</strong></span> <span class='ocrx_word' id='word_1_180' title='bbox 797 1767 859 1826; x_wconf 82' lang='lat'><strong>(?)</strong></span> <span class='ocrx_word' id='word_1_181' title='bbox 890 1768 1035 1821; x_wconf 88' lang='lat' dir='ltr'><strong>agenti</strong></span> <span class='ocrx_word' id='word_1_182' title='bbox 1060 1766 1252 1812; x_wconf 88' lang='lat' dir='ltr'><strong>codicem</strong></span> <span class='ocrx_word' id='word_1_183' title='bbox 1276 1767 1507 1826; x_wconf 88' lang='lat' dir='ltr'><strong>lyricorum</strong></span> <span class='ocrx_word' id='word_1_184' title='bbox 1536 1768 1704 1812; x_wconf 90' lang='lat' dir='ltr'><strong>muneri</strong></span> 
     </span>
     <span class='ocr_line' id='line_1_24' title="bbox 160 1835 1704 1896; baseline 0 -14"><span class='ocrx_word' id='word_1_185' title='bbox 160 1836 284 1894; x_wconf 83' lang='lat' dir='ltr'><strong>dat‚²)</strong></span> <span class='ocrx_word' id='word_1_186' title='bbox 322 1842 450 1895; x_wconf 83' lang='lat' dir='ltr'><strong>atque</strong></span> <span class='ocrx_word' id='word_1_187' title='bbox 488 1851 583 1883; x_wconf 92' lang='lat' dir='ltr'><strong>cum</strong></span> <span class='ocrx_word' id='word_1_188' title='bbox 623 1851 691 1896; x_wconf 90' lang='lat' dir='ltr'><strong>ep.</strong></span> <span class='ocrx_word' id='word_1_189' title='bbox 722 1839 765 1894; x_wconf 89' lang='lat'><strong>4,</strong></span> <span class='ocrx_word' id='word_1_190' title='bbox 797 1851 879 1896; x_wconf 92' lang='lat' dir='ltr'><strong>quo</strong></span> <span class='ocrx_word' id='word_1_191' title='bbox 917 1835 1084 1894; x_wconf 88' lang='lat' dir='ltr'><strong>ProcIo,</strong></span> <span class='ocrx_word' id='word_1_192' title='bbox 1131 1835 1388 1883; x_wconf 87' lang='lat' dir='ltr'><strong>abecedario</strong></span> <span class='ocrx_word' id='word_1_193' title='bbox 1426 1836 1599 1883; x_wconf 87' lang='lat' dir='ltr'><strong>cuidam</strong></span> <span class='ocrx_word' id='word_1_194' title='bbox 1636 1838 1704 1882; x_wconf 93' lang='lat' dir='ltr'><strong>in-</strong></span> 
     </span>
     <span class='ocr_line' id='line_1_25' title="bbox 159 1907 1706 1965; baseline 0.001 -14"><span class='ocrx_word' id='word_1_195' title='bbox 159 1908 333 1963; x_wconf 87' lang='lat' dir='ltr'><strong>cognito</strong></span> <span class='ocrx_word' id='word_1_196' title='bbox 380 1908 517 1963; x_wconf 89' lang='lat' dir='ltr'><strong>nobis,</strong></span> <span class='ocrx_word' id='word_1_197' title='bbox 557 1921 814 1965; x_wconf 91' lang='lat' dir='ltr'><strong>quamquam</strong></span> <span class='ocrx_word' id='word_1_198' title='bbox 855 1908 1045 1952; x_wconf 90' lang='lat' dir='ltr'><strong>Geistius</strong></span> <span class='ocrx_word' id='word_1_199' title='bbox 1092 1921 1188 1951; x_wconf 91' lang='lat' dir='ltr'><strong>eum</strong></span> <span class='ocrx_word' id='word_1_200' title='bbox 1236 1920 1365 1952; x_wconf 89' lang='lat' dir='ltr'><strong>nosse</strong></span> <span class='ocrx_word' id='word_1_201' title='bbox 1410 1908 1491 1952; x_wconf 89' lang='lat' dir='ltr'><strong>sibi</strong></span> <span class='ocrx_word' id='word_1_202' title='bbox 1538 1907 1706 1952; x_wconf 91' lang='lat' dir='ltr'><strong>videtur</strong></span> 
     </span>
     <span class='ocr_line' id='line_1_26' title="bbox 162 1976 1705 2036; baseline 0 -14"><span class='ocrx_word' id='word_1_203' title='bbox 162 1976 220 2034; x_wconf 87' lang='lat' dir='ltr'><strong>(v.</strong></span> <span class='ocrx_word' id='word_1_204' title='bbox 267 1992 309 2036; x_wconf 91' lang='lat' dir='ltr'><strong>p.</strong></span> <span class='ocrx_word' id='word_1_205' title='bbox 360 1978 423 2034; x_wconf 90' lang='lat'><strong>6),</strong></span> <span class='ocrx_word' id='word_1_206' title='bbox 468 1978 684 2023; x_wconf 89' lang='lat' dir='ltr'><strong>calamum</strong></span> <span class='ocrx_word' id='word_1_207' title='bbox 738 1978 1009 2036; x_wconf 88' lang='lat' dir='ltr'><strong>scriptorium</strong></span> <span class='ocrx_word' id='word_1_208' title='bbox 1056 1978 1202 2033; x_wconf 91' lang='lat' dir='ltr'><strong>mittit,</strong></span> <span class='ocrx_word' id='word_1_209' title='bbox 1240 1977 1276 2022; x_wconf 91' lang='lat' dir='ltr'><strong>si</strong></span> <span class='ocrx_word' id='word_1_210' title='bbox 1321 1977 1451 2034; x_wconf 86' lang='lat' dir='ltr'><strong>igitur</strong></span> <span class='ocrx_word' id='word_1_211' title='bbox 1496 1992 1593 2023; x_wconf 92' lang='lat' dir='ltr'><strong>cum</strong></span> <span class='ocrx_word' id='word_1_212' title='bbox 1639 1977 1705 2023; x_wconf 89' lang='lat' dir='ltr'><strong>his</strong></span> 
     </span>
     <span class='ocr_line' id='line_1_27' title="bbox 159 2045 1705 2106; baseline 0.001 -15"><span class='ocrx_word' id='word_1_213' title='bbox 159 2048 421 2092; x_wconf 90' lang='lat' dir='ltr'><strong>carminibus</strong></span> <span class='ocrx_word' id='word_1_214' title='bbox 457 2047 565 2092; x_wconf 91' lang='lat' dir='ltr'><strong>illud</strong></span> <span class='ocrx_word' id='word_1_215' title='bbox 604 2060 926 2106; x_wconf 88' lang='lat' dir='ltr'><strong>componamus,</strong></span> <span class='ocrx_word' id='word_1_216' title='bbox 957 2046 1151 2106; x_wconf 86' lang='lat' dir='ltr'><strong>patefiat,</strong></span> <span class='ocrx_word' id='word_1_217' title='bbox 1197 2045 1411 2104; x_wconf 88' lang='lat' dir='ltr'><strong>quomodo</strong></span> <span class='ocrx_word' id='word_1_218' title='bbox 1450 2046 1613 2093; x_wconf 89' lang='lat' dir='ltr'><strong>Romae</strong></span> <span class='ocrx_word' id='word_1_219' title='bbox 1658 2061 1705 2093; x_wconf 87' lang='lat' dir='ltr'><strong>se</strong></span> 
     </span>
     <span class='ocr_line' id='line_1_28' title="bbox 157 2116 1706 2175; baseline -0.001 -13"><span class='ocrx_word' id='word_1_220' title='bbox 157 2119 340 2174; x_wconf 87' lang='lat' dir='ltr'><strong>gesserit</strong></span> <span class='ocrx_word' id='word_1_221' title='bbox 383 2125 525 2175; x_wconf 89' lang='lat' dir='ltr'><strong>poeta,</strong></span> <span class='ocrx_word' id='word_1_222' title='bbox 574 2131 684 2174; x_wconf 89' lang='lat' dir='ltr'><strong>quae</strong></span> <span class='ocrx_word' id='word_1_223' title='bbox 724 2118 764 2161; x_wconf 93' lang='lat' dir='ltr'><strong>ei</strong></span> <span class='ocrx_word' id='word_1_224' title='bbox 803 2118 848 2161; x_wconf 92' lang='lat' dir='ltr'><strong>in</strong></span> <span class='ocrx_word' id='word_1_225' title='bbox 885 2117 991 2162; x_wconf 90' lang='lat' dir='ltr'><strong>urbe</strong></span> <span class='ocrx_word' id='word_1_226' title='bbox 1027 2118 1140 2161; x_wconf 86' lang='lat' dir='ltr'><strong>vitae</strong></span> <span class='ocrx_word' id='word_1_227' title='bbox 1187 2116 1377 2162; x_wconf 89' lang='lat' dir='ltr'><strong>conditio</strong></span> <span class='ocrx_word' id='word_1_228' title='bbox 1423 2118 1563 2161; x_wconf 81' lang='lat' dir='ltr'><strong>fuerit.</strong></span> <span class='ocrx_word' id='word_1_229' title='bbox 1624 2117 1706 2170; x_wconf 87' lang='lat' dir='ltr'><strong>Qui</strong></span> 
     </span>
     <span class='ocr_line' id='line_1_29' title="bbox 156 2186 1706 2247; baseline 0 -14"><span class='ocrx_word' id='word_1_230' title='bbox 156 2189 202 2233; x_wconf 91' lang='lat' dir='ltr'><strong>in</strong></span> <span class='ocrx_word' id='word_1_231' title='bbox 248 2189 311 2233; x_wconf 91' lang='lat' dir='ltr'><strong>eis</strong></span> <span class='ocrx_word' id='word_1_232' title='bbox 359 2187 582 2233; x_wconf 85' lang='lat' dir='ltr'><strong>Graeculis</strong></span> <span class='ocrx_word' id='word_1_233' title='bbox 627 2187 797 2233; x_wconf 86' lang='lat' dir='ltr'><strong>videtur</strong></span> <span class='ocrx_word' id='word_1_234' title='bbox 856 2186 1081 2233; x_wconf 89' lang='lat' dir='ltr'><strong>habendus</strong></span> <span class='ocrx_word' id='word_1_235' title='bbox 1145 2201 1255 2244; x_wconf 90' lang='lat' dir='ltr'><strong>esse,</strong></span> <span class='ocrx_word' id='word_1_236' title='bbox 1307 2188 1379 2246; x_wconf 93' lang='lat' dir='ltr'><strong>qui</strong></span> <span class='ocrx_word' id='word_1_237' title='bbox 1425 2192 1706 2247; x_wconf 89' lang='lat' dir='ltr'><strong>posteaquam</strong></span> 
     </span>
     <span class='ocr_line' id='line_1_30' title="bbox 155 2258 1707 2318; baseline 0 -15"><span class='ocrx_word' id='word_1_238' title='bbox 155 2258 339 2304; x_wconf 91' lang='lat' dir='ltr'><strong>Romam</strong></span> <span class='ocrx_word' id='word_1_239' title='bbox 391 2273 439 2304; x_wconf 91' lang='lat' dir='ltr'><strong>se</strong></span> <span class='ocrx_word' id='word_1_240' title='bbox 490 2258 776 2314; x_wconf 84' lang='lat' dir='ltr'><strong>contulerunt,</strong></span> <span class='ocrx_word' id='word_1_241' title='bbox 816 2267 1145 2318; x_wconf 79' lang='lat' dir='ltr'><strong>praeceptorum</strong></span> <span class='ocrx_word' id='word_1_242' title='bbox 1198 2258 1361 2304; x_wconf 85' lang='lat' dir='ltr'><strong>vicibus</strong></span> <span class='ocrx_word' id='word_1_243' title='bbox 1416 2258 1707 2315; x_wconf 83' lang='lat' dir='ltr'><strong>fungebantur</strong></span> 
     </span>
     <span class='ocr_line' id='line_1_31' title="bbox 156 2328 1703 2387; baseline 0 -13"><span class='ocrx_word' id='word_1_244' title='bbox 156 2329 369 2386; x_wconf 90' lang='lat' dir='ltr'><strong>simulque</strong></span> <span class='ocrx_word' id='word_1_245' title='bbox 398 2330 552 2387; x_wconf 88' lang='lat' dir='ltr'><strong>poesin</strong></span> <span class='ocrx_word' id='word_1_246' title='bbox 573 2334 617 2374; x_wconf 93' lang='lat' dir='ltr'><strong>et</strong></span> <span class='ocrx_word' id='word_1_247' title='bbox 636 2328 878 2374; x_wconf 89' lang='lat' dir='ltr'><strong>doctrinam</strong></span> <span class='ocrx_word' id='word_1_248' title='bbox 902 2343 1025 2374; x_wconf 88' lang='lat' dir='ltr'><strong>suam</strong></span> <span class='ocrx_word' id='word_1_249' title='bbox 1046 2328 1335 2374; x_wconf 88' lang='lat' dir='ltr'><strong>diversissime</strong></span> <span class='ocrx_word' id='word_1_250' title='bbox 1356 2329 1401 2373; x_wconf 92' lang='lat' dir='ltr'><strong>in</strong></span> <span class='ocrx_word' id='word_1_251' title='bbox 1432 2343 1555 2374; x_wconf 90' lang='lat' dir='ltr'><strong>usum</strong></span> <span class='ocrx_word' id='word_1_252' title='bbox 1578 2343 1703 2374; x_wconf 89' lang='lat' dir='ltr'><strong>suum</strong></span> 
     </span>
     <span class='ocr_line' id='line_1_32' title="bbox 156 2398 1702 2458; baseline -0.001 -13"><span class='ocrx_word' id='word_1_253' title='bbox 156 2399 468 2445; x_wconf 87' lang='lat' dir='ltr'><strong>convertebant</strong></span> <span class='ocrx_word' id='word_1_254' title='bbox 508 2398 642 2457; x_wconf 88' lang='lat' dir='ltr'><strong>[velut</strong></span> <span class='ocrx_word' id='word_1_255' title='bbox 672 2399 987 2458; x_wconf 88' lang='lat' dir='ltr'><strong>epigrammata</strong></span> <span class='ocrx_word' id='word_1_256' title='bbox 1016 2412 1071 2444; x_wconf 90' lang='lat' dir='ltr'><strong>ea</strong></span> <span class='ocrx_word' id='word_1_257' title='bbox 1102 2398 1363 2456; x_wconf 88' lang='lat' dir='ltr'><strong>condebant,</strong></span> <span class='ocrx_word' id='word_1_258' title='bbox 1398 2399 1466 2444; x_wconf 87' lang='lat' dir='ltr'><strong>vel</strong></span> <span class='ocrx_word' id='word_1_259' title='bbox 1502 2398 1702 2444; x_wconf 82' lang='lat' dir='ltr'><strong>videntur</strong></span> 
     </span>
     <span class='ocr_line' id='line_1_33' title="bbox 154 2468 1701 2527; baseline 0.001 -13"><span class='ocrx_word' id='word_1_260' title='bbox 154 2470 297 2527; x_wconf 91' lang='lat' dir='ltr'><strong>potius</strong></span> <span class='ocrx_word' id='word_1_261' title='bbox 347 2468 609 2525; x_wconf 89' lang='lat' dir='ltr'><strong>condidisse,</strong></span> <span class='ocrx_word' id='word_1_262' title='bbox 660 2482 770 2526; x_wconf 91' lang='lat' dir='ltr'><strong>quae</strong></span> <span class='ocrx_word' id='word_1_263' title='bbox 821 2469 867 2513; x_wconf 90' lang='lat' dir='ltr'><strong>in</strong></span> <span class='ocrx_word' id='word_1_264' title='bbox 917 2468 1126 2527; x_wconf 88' lang='lat' dir='ltr'><strong>sepulcris</strong></span> <span class='ocrx_word' id='word_1_265' title='bbox 1177 2468 1504 2527; x_wconf 67' lang='lat' dir='ltr'><strong>inciderentur}</strong></span> <span class='ocrx_word' id='word_1_266' title='bbox 1565 2468 1701 2516; x_wconf 88' lang='lat' dir='ltr'><strong>Poeta</strong></span> 
     </span>
    </p>
   </div>
   <div class='ocr_carea' id='block_1_4' title="bbox 159 2559 440 2565">
    <p class='ocr_par' dir='ltr' id='par_1_6' title="bbox 159 2559 440 2565">
     <span class='ocr_line' id='line_1_34' title="bbox 159 2559 440 2565; baseline 0 0"><span class='ocrx_word' id='word_1_267' title='bbox 159 2559 440 2565; x_wconf 95' lang='lat' dir='ltr'><strong> </strong></span> 
     </span>
    </p>
   </div>
   <div class='ocr_carea' id='block_1_5' title="bbox 153 2582 1712 2867">
    <p class='ocr_par' dir='ltr' id='par_1_7' title="bbox 155 2582 1709 2752">
     <span class='ocr_line' id='line_1_35' title="bbox 275 2582 1709 2635; baseline 0.001 -13"><span class='ocrx_word' id='word_1_268' title='bbox 275 2585 299 2633; x_wconf 89' lang='lat'><strong>¹)</strong></span> <span class='ocrx_word' id='word_1_269' title='bbox 326 2597 383 2635; x_wconf 90' lang='lat' dir='ltr'><strong>ep.</strong></span> <span class='ocrx_word' id='word_1_270' title='bbox 402 2588 434 2630; x_wconf 90' lang='grc'><strong>7,</strong></span> <span class='ocrx_word' id='word_1_271' title='bbox 453 2586 488 2630; x_wconf 88' lang='lat'><strong>4,</strong></span> <span class='ocrx_word' id='word_1_272' title='bbox 504 2584 603 2634; x_wconf 85' lang='lat' dir='ltr'><strong>quod</strong></span> <span class='ocrx_word' id='word_1_273' title='bbox 627 2584 828 2622; x_wconf 82' lang='lat' dir='ltr'><strong>falsissime</strong></span> <span class='ocrx_word' id='word_1_274' title='bbox 854 2584 1021 2622; x_wconf 83' lang='lat' dir='ltr'><strong>Geistius</strong></span> <span class='ocrx_word' id='word_1_275' title='bbox 1045 2585 1096 2623; x_wconf 87' lang='lat' dir='ltr'><strong>ad</strong></span> <span class='ocrx_word' id='word_1_276' title='bbox 1121 2585 1279 2623; x_wconf 81' lang='lat' dir='ltr'><strong>eandem</strong></span> <span class='ocrx_word' id='word_1_277' title='bbox 1303 2582 1547 2623; x_wconf 79' lang='lat' dir='ltr'><strong>occasionem</strong></span> <span class='ocrx_word' id='word_1_278' title='bbox 1567 2597 1656 2624; x_wconf 79' lang='lat' dir='ltr'><strong>nese</strong></span> <span class='ocrx_word' id='word_1_279' title='bbox 1672 2586 1709 2624; x_wconf 88' lang='lat' dir='ltr'><strong>io</strong></span> 
     </span>
     <span class='ocr_line' id='line_1_36' title="bbox 156 2640 1708 2693; baseline 0.001 -11"><span class='ocrx_word' id='word_1_280' title='bbox 156 2655 229 2692; x_wconf 87' lang='lat' dir='ltr'><strong>quo</strong></span> <span class='ocrx_word' id='word_1_281' title='bbox 253 2647 364 2692; x_wconf 84' lang='lat' dir='ltr'><strong>paeto</strong></span> <span class='ocrx_word' id='word_1_282' title='bbox 395 2644 527 2681; x_wconf 81' lang='lat' dir='ltr'><strong>referri</strong></span> <span class='ocrx_word' id='word_1_283' title='bbox 560 2644 650 2689; x_wconf 83' lang='lat' dir='ltr'><strong>vult,</strong></span> <span class='ocrx_word' id='word_1_284' title='bbox 681 2655 764 2681; x_wconf 87' lang='lat' dir='ltr'><strong>cum</strong></span> <span class='ocrx_word' id='word_1_285' title='bbox 793 2640 989 2688; x_wconf 72' lang='grc' dir='ltr'><strong><em>Εὐκλείδης</em></strong></span> <span class='ocrx_word' id='word_1_286' title='bbox 1013 2654 1087 2682; x_wconf 91' lang='lat' dir='ltr'><strong>non</strong></span> <span class='ocrx_word' id='word_1_287' title='bbox 1116 2655 1253 2682; x_wconf 89' lang='lat' dir='ltr'><strong>nomen</strong></span> <span class='ocrx_word' id='word_1_288' title='bbox 1279 2646 1383 2681; x_wconf 89' lang='lat' dir='ltr'><strong>esset</strong></span> <span class='ocrx_word' id='word_1_289' title='bbox 1407 2642 1534 2681; x_wconf 82' lang='lat' dir='ltr'><strong>fratris</strong></span> <span class='ocrx_word' id='word_1_290' title='bbox 1560 2647 1708 2693; x_wconf 75' lang='lat' dir='ltr'><strong>poetae,</strong></span> 
     </span>
     <span class='ocr_line' id='line_1_37' title="bbox 155 2699 1290 2752; baseline 0 -12"><span class='ocrx_word' id='word_1_291' title='bbox 155 2703 226 2745; x_wconf 76' lang='lat' dir='ltr'><strong>sed</strong></span> <span class='ocrx_word' id='word_1_292' title='bbox 251 2705 463 2752; x_wconf 88' lang='lat' dir='ltr'><strong>corruptum</strong></span> <span class='ocrx_word' id='word_1_293' title='bbox 488 2714 534 2741; x_wconf 87' lang='lat' dir='ltr'><strong>ex</strong></span> <span class='ocrx_word' id='word_1_294' title='bbox 558 2699 705 2740; x_wconf 73' lang='grc' dir='ltr'><strong><em>εὔκλειᾶ</em></strong></span> <span class='ocrx_word' id='word_1_295' title='bbox 728 2702 789 2740; x_wconf 79' lang='lat' dir='ltr'><strong>vel</strong></span> <span class='ocrx_word' id='word_1_296' title='bbox 813 2701 1008 2749; x_wconf 77' lang='grc' dir='ltr'><strong><em>εὔκλεινον,</em></strong></span> <span class='ocrx_word' id='word_1_297' title='bbox 1033 2703 1120 2741; x_wconf 78' lang='lat' dir='ltr'><strong>vide</strong></span> <span class='ocrx_word' id='word_1_298' title='bbox 1145 2705 1290 2741; x_wconf 87' lang='lat' dir='ltr'><strong>notam.</strong></span> 
     </span>
    </p>

    <p class='ocr_par' dir='ltr' id='par_1_8' title="bbox 153 2761 1712 2867">
     <span class='ocr_line' id='line_1_38' title="bbox 267 2761 1712 2810; baseline 0 -11"><span class='ocrx_word' id='word_1_299' title='bbox 267 2762 297 2809; x_wconf 84' lang='lat'><strong>²)</strong></span> <span class='ocrx_word' id='word_1_300' title='bbox 323 2762 405 2799; x_wconf 85' lang='lat' dir='ltr'><strong>Hos</strong></span> <span class='ocrx_word' id='word_1_301' title='bbox 445 2762 596 2799; x_wconf 84' lang='lat' dir='ltr'><strong>codices</strong></span> <span class='ocrx_word' id='word_1_302' title='bbox 636 2762 759 2810; x_wconf 85' lang='lat' dir='ltr'><strong>ipsum</strong></span> <span class='ocrx_word' id='word_1_303' title='bbox 799 2762 1049 2810; x_wconf 84' lang='lat' dir='ltr'><strong>descripsisse</strong></span> <span class='ocrx_word' id='word_1_304' title='bbox 1091 2763 1244 2810; x_wconf 80' lang='lat' dir='ltr'><strong>praeter</strong></span> <span class='ocrx_word' id='word_1_305' title='bbox 1282 2761 1553 2799; x_wconf 76' lang='lat' dir='ltr'><strong>necessitatem</strong></span> <span class='ocrx_word' id='word_1_306' title='bbox 1593 2761 1712 2799; x_wconf 85' lang='lat' dir='ltr'><strong>sumit</strong></span> 
     </span>
     <span class='ocr_line' id='line_1_39' title="bbox 153 2819 776 2867; baseline 0.003 -9"><span class='ocrx_word' id='word_1_307' title='bbox 153 2820 335 2867; x_wconf 87' lang='lat' dir='ltr'><strong>Geistius,</strong></span> <span class='ocrx_word' id='word_1_308' title='bbox 361 2820 447 2859; x_wconf 81' lang='lat' dir='ltr'><strong>vide</strong></span> <span class='ocrx_word' id='word_1_309' title='bbox 473 2821 676 2860; x_wconf 88' lang='lat' dir='ltr'><strong>Baehrium</strong></span> <span class='ocrx_word' id='word_1_310' title='bbox 701 2819 727 2860; x_wconf 87' lang='lat'><strong>1.</strong></span> <span class='ocrx_word' id='word_1_311' title='bbox 752 2819 776 2859; x_wconf 87' lang='lat'><strong>1.</strong></span> 
     </span>
    </p>
   </div>
  </div>
 </body>
</html>
