1964 3053
838 148 1127 193 „23-

919 346 1028 403 III.

578 454 646 510 De
681 470 740 510 re
775 455 980 511 metrica
1016 456 1331 526 Grinagorae.
1340 456 1375 514 ¹)

630 570 682 615 A.
716 569 776 617 ne
806 569 1084 628 pentametro
1115 571 1329 621 nonnulla.

329 664 367 707 1.
409 661 547 708 Acute
592 662 852 720 Kaibelius²)
900 664 1206 712 animadvertit
1250 662 1750 725 epigrammatographos

209 732 409 777 meliores
455 732 628 790 quidem
673 735 907 779 maximam
953 748 1144 793 operam,
1185 735 1524 781 curiosissimum
1561 731 1749 779 studium

207 803 253 845 in
292 802 484 847 versibus
530 816 657 859 quam
705 804 1003 849 venustissime
1049 803 1361 849 concinnandis
1407 803 1656 857 collocasse,
1701 807 1750 848 nt

208 875 354 915 tamen
385 871 569 916 lectores
599 872 742 930 potius
772 885 848 918 eos
878 873 1052 932 placere
1088 873 1467 932 persentiscerent,
1506 885 1633 929 quam
1672 885 1749 916 cur

206 941 445 999 placerent.
507 940 797 994 Quamobrem
819 943 856 987 si
876 944 921 987 in
942 957 1103 988 arcana
1122 944 1228 989 artis
1249 957 1395 988 eorum
1421 955 1502 987 nos
1529 941 1747 988 insinuare

206 1011 429 1066 vellemus,
461 1024 569 1069 opus
591 1024 686 1056 esse
718 1012 926 1057 acerrime
956 1013 1002 1056 in
1024 1026 1220 1058 versuum
1249 1011 1453 1069 indolem,
1483 1010 1745 1068 singularum

207 1080 375 1126 sedium
407 1081 618 1126 rationem
649 1082 878 1139 inquirere,
909 1082 1053 1140 itaque
1084 1082 1269 1139 regulas,
1302 1082 1456 1140 quibus
1483 1086 1638 1140 poetae
1667 1080 1745 1126 ad-

206 1152 342 1197 stricti
366 1155 526 1208 essent,
548 1151 807 1210 patefacere.
871 1151 1158 1197 Proficiscitur
1180 1165 1280 1197 vero
1301 1167 1339 1198 v.
1359 1151 1400 1198 d.
1418 1165 1446 1196 a
1465 1150 1746 1208 Callimacho,

207 1224 426 1278 „omnium
472 1222 727 1281 politissimo
773 1227 817 1266 et
861 1222 1190 1268 accuratissimo
1228 1236 1501 1267 numerorum
1540 1223 1742 1279 artifice‚“

204 1295 324 1338 cuius
370 1292 612 1337 hexametri
657 1291 872 1336 sedatiore
915 1293 1111 1348 ingressu
1156 1293 1298 1337 exorsi
1345 1291 1487 1337 eundo
1523 1297 1742 1350 tamquam

204 1367 449 1407 crescentes
501 1375 670 1406 summa
722 1361 940 1405 celeritate
994 1362 1153 1405 exitum
1208 1365 1419 1419 peterent.
1483 1360 1744 1407 Pentametri

204 1437 350 1478 autem
381 1436 582 1477 naturam
603 1431 667 1476 ita
687 1431 851 1486 tulisse,
872 1435 932 1486 ut,
953 1444 1008 1475 ne
1030 1444 1158 1476 cursu
1179 1430 1382 1476 solutiore
1401 1431 1741 1490 praecipitaren-

203 1508 271 1546 tur
286 1503 452 1546 numeri
469 1501 623 1558 prioris
640 1501 774 1558 partis
797 1525 851 1532 -—
873 1514 974 1543 nam
990 1500 1128 1544 altera
1149 1515 1232 1545 non
1253 1501 1398 1557 potuit
1417 1501 1500 1545 nisi
1523 1500 1742 1558 dactylica

201 1585 298 1617 esse
319 1597 377 1603 —
398 1570 635 1616 crebriores
666 1573 812 1615 essent
843 1567 927 1614 duo
956 1567 1139 1628 spondei
1161 1568 1229 1614 vel
1252 1568 1409 1625 singuli
1431 1568 1613 1628 spondei
1636 1568 1740 1615 dac—

200 1642 364 1699 tylique
386 1642 447 1697 (ss
470 1640 538 1684 vel
559 1640 624 1695 ds,
646 1640 782 1683 rarior
802 1639 941 1682 forma
956 1638 1008 1683 sd
1028 1638 1195 1683 videtur
1216 1653 1312 1683 esse
1328 1653 1414 1683 sec.
1434 1639 1736 1696 Hultgrenum)

202 1725 331 1768 quam
369 1710 458 1755 bini
500 1708 675 1768 dactyli,
707 1722 812 1767 quos
844 1708 1059 1754 rarissime
1089 1708 1163 1755 ille
1194 1708 1276 1755 sibi
1305 1707 1567 1755 indulsisset.
1631 1707 1737 1755 Tam

200 1793 373 1825 severas
404 1780 523 1836 leges
553 1782 685 1838 poeta
706 1777 992 1837 Mytilenaeus
1022 1779 1066 1823 in
1086 1775 1209 1837 parte
1230 1783 1346 1823 certe
1377 1779 1737 1838 epigrammatum

200 1866 285 1896 non
317 1852 400 1897 sibi
431 1850 620 1908 scripsit;
651 1850 927 1894 inveniuntur
957 1850 1071 1895 enim
1098 1850 1142 1894 in
1174 1854 1346 1895 centum
1367 1850 1543 1906 triginta
1572 1855 1738 1909 septem

198 1922 482 1979 pentametris
532 1933 680 1965 versus
723 1919 927 1977 spondeis
977 1924 1173 1964 carentes
1223 1918 1519 1978 septendecim
1528 1921 1580 1976 ⁸),
1631 1934 1737 1977 quos

198 1992 371 2049 quidem
394 2004 565 2050 semper
588 2004 687 2035 eum
711 1989 991 2035 incisionibus
1011 1988 1246 2035 mollivisse
1267 1987 1503 2035 notandum
1535 1993 1600 2035 est
1629 1990 1738 2035 sicut

315 2167 342 2211 ¹)
367 2165 538 2202 Adhibui
561 2165 609 2202 ad
634 2165 703 2202 has
719 2163 957 2212 quaestiones
974 2166 1123 2211 praeter
1134 2162 1303 2201 Jacobsii
1318 2163 1365 2200 de
1388 2164 1495 2201 hiatu
1518 2163 1739 2213 disputatio·

195 2236 278 2261 nem
305 2225 355 2271 (in
381 2223 581 2261 Addendis
605 2223 654 2260 ad
679 2222 959 2270 praefationem,
983 2221 1055 2259 vol.
1079 2222 1150 2259 111.
1175 2233 1212 2269 p.
1236 2221 1333 2258 XIX
1355 2224 1440 2269 sqq)
1465 2224 1505 2258 et
1526 2221 1737 2260 chnanni

193 2283 330 2331 „Epici
353 2293 484 2319 versus
507 2282 724 2318 historiam“
750 2280 877 2328 (Orph.
902 2292 939 2329 p.
963 2281 1031 2317 687
1056 2280 1151 2327 sqq.)
1176 2279 1272 2317 haec
1296 2291 1354 2317 vv.
1379 2279 1442 2317 dd.
1465 2280 1625 2329 scripta:

194 2342 228 2378 3.
254 2339 419 2377 Kaibelii
443 2338 734 2377 Observationes
766 2339 865 2376 critt.
891 2338 929 2374 in
954 2338 1003 2376 A.
1029 2337 1075 2376 G.
1101 2337 1256 2385 (comm.
1280 2336 1385 2385 phill.
1408 2337 1446 2374 in
1469 2338 1556 2376 hon.
1580 2338 1736 2376 Momm-

193 2399 286 2435 seni.
311 2410 349 2446 p.
369 2399 438 2435 326
463 2397 560 2444 sqq.)
676 2422 680 2426 -

193 2458 227 2493 4.
252 2455 434 2493 Eiusdem
458 2454 674 2492 Philodemi
698 2454 796 2492 Gad.
821 2454 957 2501 epigrr.
984 2453 1118 2500 (Index
1142 2453 1284 2502 Gryph.
1310 2453 1427 2501 1885).

193 2516 226 2553 5.
252 2514 300 2553 G.
325 2513 468 2561 Meym·
503 2514 578 2550 Zur
609 2513 745 2551 Geech.
776 2513 809 2549 d.
844 2512 983 2559 griech.
1018 2524 1055 2550 u.
1086 2512 1152 2550 lat.
1183 2512 1433 2549 Hexameters
1464 2512 1581 2559 (Acta
1611 2513 1735 2550 Acad.

190 2573 284 2610 Bav.
312 2571 431 2619 1884).

192 2632 225 2669 6.
250 2631 322 2669 Fr.
346 2629 500 2667 Benekii
521 2629 700 2676 Beitrage
721 2641 752 2667 z.
767 2629 906 2666 Metrik
926 2629 962 2667 d.
975 2628 1263 2666 Alexandr-iuer.
1294 2628 1422 2675 Progr.
1440 2628 1540 2667 1883.
1554 2630 1734 2668 Bochum.

191 2691 224 2727 7.
249 2687 463 2736 Hultqrenii
487 2687 700 2725 Observatt.
724 2689 849 2724 metrr.
873 2688 912 2723 in
943 2689 1076 2734 poetas
1106 2686 1306 2733 elegiacos.
1354 2686 1446 2734 Lps.
1474 2687 1576 2725 1871.
1601 2688 1735 2736 Progr.

308 2747 338 2793 ²)
363 2747 408 2783 In
433 2746 747 2790 commentatione
770 2746 883 2783 tertio
909 2746 991 2783 loco
1015 2745 1213 2784 recensita.

305 2805 334 2853 ³)
361 2804 515 2843 Nullum
533 2804 611 2842 fere
629 2804 840 2853 exemplum
856 2804 894 2841 in
905 2803 1125 2852 posterioris
1143 2803 1281 2841 aetatis
1300 2803 1581 2853 epigrammatis
1597 2805 1733 2843 exstat.
