1964 3053
826 126 1086 168 -4-

184 254 443 299 testimoniis
474 257 655 308 constat,
686 267 741 297 ex
770 252 934 298 intimis
965 257 1010 297 et
1043 253 1261 311 perpetuis
1289 253 1517 305 comitibus
1544 253 1723 312 Pompei

186 327 292 367 erat.
354 322 458 367 Eius
487 322 663 367 honoris
695 335 828 367 causa
855 322 999 380 patria
1029 320 1289 379 Crinagorae
1324 322 1440 380 urbs,
1469 323 1723 381 quaebello

188 393 494 448 Mithridatico,
535 407 633 437 cum
671 391 916 449 ambiguam
953 391 1160 438 Romanis
1194 391 1326 437 fidem
1360 393 1661 452 praestitisset,
1696 407 1726 439 a.

188 462 245 507 M.
268 462 449 507 Thermo
481 466 681 521 praetore
713 465 960 521 expugnata
996 468 1102 519 erat,
1137 462 1183 507 in
1219 462 1447 521 pristinam
1480 462 1724 523 libertatem
1757 496 1759 498 -

187 533 365 578 redacta
411 537 489 578 est.
552 531 825 592 Theophanis
874 532 1012 577 filium
1021 533 1054 590 ¹)
1100 536 1148 577 ut
1191 532 1415 591 aequalem
1463 538 1556 579 tum
1591 533 1723 580 etiam

186 604 401 659 vigentem
455 601 572 647 idem
626 603 781 648 Strabo
823 602 852 646 1.
899 602 928 647 l.
973 608 1301 649 commemorat:
1352 604 1430 647 υἱόν
1475 619 1517 648 τε
1546 601 1725 662 :diethart

186 675 349 734 Μάρκον
381 674 599 732 Πομπήϊον,
632 676 674 717 ὃν
705 675 779 732 τῆς
802 675 943 722 Ἀσίας
962 674 1160 733 ἐπίτροπον
1186 676 1402 733 κατέστησέ
1420 690 1513 719 ποτε
1531 676 1683 736 Καῖσαρ
1702 678 1724 720 ὁ

186 745 398 803 Σεβαστός,
432 746 508 789 καὶ
548 751 626 789 νῦν
658 747 699 789 ἐν
723 751 802 795 τοῖς
823 734 987 807 πρῶτὀις
1001 738 1230 797 ἐξετάζεται
1245 751 1323 790 τῶν
1347 747 1520 808 Τιβερίου
1543 748 1723 808 φίλωνῖ).

187 818 306 869 Quae
341 818 378 862 si
412 818 475 862 ita
509 831 558 863 se
593 817 770 874 habent,
801 817 847 862 id
881 831 960 877 pro
991 822 1107 864 certo
1137 817 1340 864 affirmari
1375 823 1521 878 potest
1549 819 1724 866 Strabo-

187 903 286 933 nem
318 888 651 947 haudquaquam
683 903 763 935 nos
794 905 940 948 coqere
970 887 1231 947 Crinagorae
1273 893 1469 943 aetatem}
1497 905 1632 949 usque
1667 890 1725 937 ad

186 959 369 1014 Augusti
421 963 496 1003 aut
540 958 698 1005 Tiberii
744 963 942 1018 tempora
991 958 1229 1018 producere
1273 959 1402 1018 idque
1446 974 1578 1006 unum
1622 960 1725 1007 inde

189 1029 341 1074 confici
372 1042 461 1073 non
490 1030 553 1073 ita
581 1029 718 1074 multo
741 1029 854 1073 ultra
874 1029 1128 1074 Strabonem
1149 1034 1305 1086 poetae
1325 1031 1456 1075 vitam
1477 1031 1725 1089 protrahere

186 1099 331 1153 licere,
359 1103 473 1143 retro
501 1103 644 1143 autem
673 1112 751 1143 nos
778 1097 896 1143 nullo
923 1097 1059 1143 limite
1092 1098 1294 1144 cohiberi.
1355 1097 1725 1152 Quemadmodum

187 1168 507 1225 Theophanem,
529 1170 633 1212 item
655 1168 934 1223 Crinagoram
965 1166 1058 1210 καθ’
1070 1169 1178 1224 ἡμᾶς
1207 1169 1387 1224 γενέσθαι
1407 1168 1560 1214 Strabo
1581 1169 1725 1214 dicere

186 1238 339 1297 potuit,
373 1238 544 1284 etiamsi
573 1237 753 1297 Pompei
784 1237 978 1297 aequalis
1008 1238 1218 1296 fuisset.⁸)

304 1308 401 1352 Non
433 1307 753 1353 inconsiderate
783 1322 863 1352 nos
900 1308 1019 1351 nulla
1057 1321 1113 1351 ex
1148 1313 1273 1365 parte
1310 1308 1406 1352 viae
1440 1313 1614 1353 nostrae
1643 1309 1725 1353 im-

188 1377 442 1437 pedimenta
479 1377 705 1434 obiecisse,
744 1377 806 1423 ita
840 1383 901 1435 ut,
938 1378 1049 1423 sicut
1084 1377 1203 1434 libet,
1241 1378 1474 1437 exspatiari
1509 1379 1726 1437 possimus

188 1450 300 1493 intra
329 1450 551 1504 terminos,
576 1461 681 1505 quos
702 1461 834 1507 supra
852 1448 1110 1507 pepigimus,
1125 1447 1344 1494 luculente
1365 1447 1571 1493 docemur
1599 1449 1725 1494 tertio

188 1518 256 1563 vel
286 1519 428 1576 potius
461 1522 611 1575 quarto
642 1518 902 1574 testimonio,
934 1517 1049 1575 quod
1077 1518 1164 1563 iam
1196 1518 1242 1562 in
1272 1518 1532 1563 consortium
1564 1532 1726 1575 eorum,

188 1588 341 1645 quibus
360 1587 550 1632 defuncti
568 1602 730 1643 sumus,
741 1586 964 1633 addemus.
985 1586 1141 1634 Exstat
1154 1584 1624 1646 inEtymoloqicoMaae.
1643 1602 1677 1634 s.
1686 1603 1726 1633 v.

187 1661 322 1717 ἅρπυς,
346 1659 415 1702 cui
445 1657 665 1716 adscripta
685 1657 885 1713 leguntur
907 1656 1014 1701 haec
1038 1657 1170 1702 verba
1184 1656 1501 1702 memorabilia:
1523 1657 1676 1718 Ἅρπυς
1706 1660 1726 1701 ὁ

188 1732 300 1790 ἔρως,
337 1729 393 1777 ὡς
422 1730 528 1788 παρὰ
558 1728 767 1788 Παρθενίῳ
808 1728 848 1771 ἐν
885 1728 1122 1788 Κριναγόρα*
1156 1725 1413 1788 Ἀμφοτέροις
1443 1729 1577 1786 ἐπιβὰς
1607 1732 1728 1789 ἅρπας

187 1800 429 1858 ἐληΐσατοβ)
463 1798 569 1843 Cum
595 1799 662 1843 vel
683 1798 911 1843 Jacobsius
935 1812 996 1855 se,
1020 1798 1121 1855 quid
1142 1798 1198 1842 sit
1217 1796 1435 1844 Parthenii
1456 1798 1727 1858 Grinagoras,

189 1887 284 1917 cum
318 1871 680 1927 ignorantissimis
707 1871 906 1925 ignorare
934 1869 1200 1925 confiteatur,
1232 1869 1472 1916 Meinekiue
1494 1870 1729 1926 (Analecta

188 1943 312 1986 Alex.
330 1955 371 2000 p.
394 1942 446 1985 16
463 1945 564 2000 etp.
580 1939 686 1998 266)
706 1952 802 1984 cum
824 1943 940 1984 recte
956 1937 1063 1984 illud
1085 1938 1329 1998 explicavit,
1349 1943 1440 1984 tum
1461 1943 1651 1986 nostram
1672 1939 1728 1986 de

188 2014 424 2069 Crinagora
455 2012 743 2068 cognitionem
776 2010 891 2055 haud
921 2010 1109 2056 tenuiter
1139 2009 1367 2056 adauxisse
1405 2010 1583 2056 videtur.
1646 2011 1729 2056 Vix

306 2143 332 2189 ¹)
360 2145 425 2179 aut
448 2144 634 2190 nepotem,
659 2140 693 2178 si
716 2138 855 2177 υἱωνόν
878 2140 1037 2186 legimus
1061 2150 1145 2176 cum
1169 2138 1353 2176 Visconti.

302 2201 333 2246 2)
358 2201 528 2237 Arduam
565 2199 612 2235 de
648 2198 887 2247 Theophanis
927 2197 1105 2245 progenie
1147 2197 1403 2245 quaestionem
1442 2197 1505 2235 hic
1544 2198 1729 2246 attingere

188 2261 369 2304 nolumus,
396 2259 557 2296 sufficiat
580 2258 766 2295 monuisse
790 2257 881 2294 mihi
905 2256 1053 2304 quidem
1076 2267 1255 2304 perquam
1279 2255 1478 2294 verisimile
1502 2256 1623 2294 videri
1645 2268 1730 2306 epp.

188 2321 236 2356 A.
262 2320 307 2355 P.
333 2318 426 2355 VII.
451 2318 519 2353 219
544 2320 583 2353 et
608 2316 675 2352 IX.
701 2316 747 2352 28
773 2315 905 2363 (6472),
931 2325 1085 2362 quorum
1118 2314 1164 2350 de
1196 2317 1350 2351 auctore
1378 2315 1417 2351 in
1449 2315 1571 2363 capite
1596 2318 1729 2363 quarto

187 2389 310 2425 pauca
340 2376 533 2419 addemus,
564 2375 641 2411 filio
673 2373 733 2411 vel
752 2374 879 2422 nepoti
898 2373 1137 2422 Theophanis
1157 2373 1287 2410 deberi
1307 2384 1427 2421 neque
1444 2393 1484 2400 -
1499 2374 1662 2411 maxime
1680 2374 1730 2412 ob

186 2436 378 2472 Antoniae
408 2434 645 2477 mentionem,
674 2432 759 2469 vide
790 2444 827 2480 p.
846 2432 893 2468 20
924 2451 965 2458 —
996 2434 1085 2476 tam,
1116 2442 1227 2479 quam
1247 2431 1466 2477 editoribus,
1481 2431 1729 2481 improbabile

188 2494 301 2532 etiam
333 2506 391 2543 ep.
418 2492 584 2530 Kaihelii
608 2504 660 2530 nr.
688 2492 758 2529 810
783 2491 832 2529 ad
856 2491 1012 2529 eundem
1037 2493 1221 2540 spectare.
1269 2489 1346 2529 Sed
1369 2491 1441 2529 hoc
1467 2502 1617 2530 carmen
1641 2503 1730 2530 non-

189 2555 276 2590 dum
308 2554 409 2590 omni
443 2565 488 2588 ex
520 2554 628 2600 parte
655 2551 871 2599 expeditum
896 2554 955 2587 est
980 2562 1002 2586 a
1026 2562 1084 2587 vv.
1110 2550 1185 2594 dd„
1211 2550 1274 2597 qui
1298 2551 1333 2587 ei
1359 2561 1511 2598 operam
1536 2550 1730 2588 dederunt.

304 2612 333 2659 ³)
359 2612 445 2649 Hoc
464 2609 583 2648 Nieaii
601 2610 855 2659 disputatione
874 2609 1016 2656 (Herm.
1030 2609 1103 2647 vol.
1122 2608 1232 2647 XIII.
1250 2620 1285 2658 p.
1300 2608 1459 2654 33-45)
1484 2608 1730 2655 confirmatur,

188 2671 253 2718 qui
265 2670 434 2708 ostendit
447 2670 668 2707 Strabonem
681 2665 767 2704 καθ’
780 2666 877 2715 ἧμᾶς
888 2669 1003 2705 verba
1019 2668 1074 2705 eis
1087 2668 1303 2705 attribuisse
1319 2667 1500 2712 omnibus,
1514 2668 1577 2715 qui
1596 2667 1732 2705 mortui

188 2731 315 2766 essent
338 2731 425 2777 post
449 2739 481 2764 a.
508 2727 611 2773 690sl
641 2738 675 2764 a.
699 2738 734 2763 u.
761 2737 792 2763 c.

304 2787 333 2834 ⁴)
363 2786 411 2824 cf.
440 2785 623 2833 Hesych.:
651 2783 787 2833 ἄρτων,
814 2782 942 2832 ἔρωτα.
967 2782 1120 2825 Αἰολεῖς.
