1964 3053
956 120 1242 162 „32-

328 247 544 305 legeretur
573 261 611 291 a.
647 248 733 290 750
763 246 939 304 scripto.
1001 245 1089 292 Nos
1125 246 1328 292 nimirum
1371 248 1416 292 in
1461 248 1722 294 contrariam
1765 263 1866 308 par-

328 323 415 362 tem
439 317 756 361 ratiocinamur.
778 341 834 346 —
851 315 992 360 Unum
1014 315 1122 373 legis
1143 316 1327 362 violatae
1348 317 1594 376 exemplum
1613 316 1791 370 exhibet
1809 343 1865 351 —

327 387 373 432 id
404 386 519 445 quod
551 386 830 432 memorabile
860 391 926 431 est
953 411 1007 418 —
1040 386 1087 430 id
1118 400 1306 443 carmen,
1338 387 1453 445 quod
1481 386 1735 434 iamdudum
1770 389 1867 446 aliis

329 458 383 502 de
430 458 570 501 causis
617 457 691 511 (cf.
738 461 870 514 caput
921 457 1139 513 quartum)
1186 455 1454 516 suppositum
1500 471 1598 504 esse
1642 458 1865 504 existima-

329 540 544 582 veramus,
591 527 692 583 37,6
750 527 951 587 ἀθρήσας,
997 527 1033 569 τί
1079 527 1198 571 πλέον
1247 528 1458 587 φειδομένῳ
1511 527 1649 585 βιότου.
1716 525 1865 586 Neque

327 597 456 642 modo
502 597 664 641 idcirco
710 599 907 655 exceptio
953 602 1105 642 notatu
1150 597 1284 653 digna
1328 602 1409 653 est,
1447 598 1561 655 quod
1594 599 1639 643 in
1678 599 1864 645 insiticio

329 667 640 726 epigrammate
684 666 854 724 legitur,
902 666 981 713 sed
1024 667 1155 712 etiam
1197 667 1328 713 aliam
1359 668 1414 714 ob
1444 681 1549 713 rem.
1612 668 1864 726 Antiphilus

326 738 457 793 enim,
503 737 573 782 cui
608 735 827 782 Planudes
872 737 965 781 iure
1011 738 1279 796 epigramma
1320 738 1553 797 inscripsit,
1597 737 1711 782 illius
1755 732 1876 794 legis*

326 808 501 854 omnino
533 812 776 867 respectum
813 824 899 853 non
935 807 1100 865 habuit,
1134 821 1237 853 nam
1275 808 1318 853 in
1358 807 1643 867 quadraginta
1678 808 1864 867 quinque

326 880 651 936 epigrammatis
672 891 758 922 non
780 878 920 922 minus
934 880 1156 923 duodecies
1171 891 1267 922 eam
1286 878 1425 923 laesit.
1456 878 1551 923 Hac
1564 879 1864 923 observatione

326 947 511 992 Planudi
541 947 671 992 fidem
704 948 851 1003 augeri
883 961 1144 1006 magnopere
1167 947 1326 992 diserte
1347 961 1524 993 monere
1544 948 1616 992 vix
1636 961 1743 1006 opus
1768 948 1862 993 erit·

850 1064 898 1110 B.
961 1064 1020 1109 ne
1051 1063 1327 1111 hexametro.

327 1154 365 1195 1.
427 1152 498 1196 De
530 1151 818 1196 hexametri
858 1150 1194 1207 osteologia¹)
1233 1153 1285 1195 et
1314 1150 1638 1207 singulorum
1675 1150 1862 1210 pedum

996 1219 1185 1264 indole.

443 1302 558 1348 Inter
579 1301 784 1358 sedecim,
818 1315 928 1359 quae
950 1302 1200 1347 concinnari
1228 1305 1422 1360 possunt,
1444 1301 1682 1348 hexametri
1702 1302 1862 1349 formas

324 1374 540 1431 (quintum
571 1377 615 1417 et
645 1377 813 1417 sextum
843 1371 979 1430 pedes
1011 1385 1098 1417 non
1127 1372 1379 1430 respicimus
1407 1371 1623 1429 consilio),
1654 1372 1861 1428 Grinago-

322 1457 392 1487 ras
430 1456 517 1487 non
554 1442 680 1486 aliter
715 1454 767 1485 ac
805 1441 936 1485 ceteri
973 1444 1130 1499 poetae
1161 1442 1348 1486 maxime
1378 1441 1484 1498 favit
1512 1441 1579 1487 his
1609 1441 1861 1489 schematis:

440 1511 553 1557 dsdd
585 1511 779 1567 (triginta
809 1511 996 1567 versus),

441 1581 564 1626 dddd
585 1580 933 1637 (duodeviginti),

438 1650 552 1698 sddd
569 1651 675 1708 (tres
694 1653 740 1695 et
754 1650 938 1708 viginti),

439 1721 545 1765 ssdd
576 1720 593 1777 (
625 1719 904 1777 quindecim).

440 1790 589 1849 Neque
620 1794 768 1836 tamen
800 1789 1067 1836 consistebat
1095 1789 1209 1835 intra
1239 1803 1305 1846 ea,
1343 1788 1422 1835 sed
1459 1804 1514 1834 ex
1550 1788 1739 1835 sedecim
1777 1788 1862 1835 illis

321 1862 495 1906 omnino
534 1861 876 1919 quattuordecim
912 1860 957 1903 in
994 1873 1120 1904 usum
1157 1873 1281 1904 suum
1318 1859 1515 1915 contulit;
1556 1858 1694 1915 semel
1730 1858 1860 1904 etiam

322 1932 542 1978 rarissima
562 1930 702 1976 forma
722 1929 820 1976 sdss
841 1944 944 1975 usus
962 1931 1092 1975 estin
1115 1945 1184 1988 ep.
1201 1931 1323 1993 33,1:
1355 1928 1451 1974 Οὐδ’
1469 1930 1716 1987 ἢνὨκεανός
1731 1936 1859 1973 πᾶσαν

319 2004 527 2063 πλήμυραν
545 2002 688 2062 ἐγείρῃ,
706 2000 779 2045 ubi
795 1998 1000 2059 spondeis
1016 2000 1244 2046 cumulatis
1260 2005 1434 2046 sensum
1451 2001 1613 2059 optime
1629 1998 1861 2060 adaptasse

320 2075 426 2119 mihi
456 2074 636 2119 videtur.
682 2072 779 2129 Non
810 2075 953 2118 minus
984 2086 1083 2117 rara
1113 2075 1182 2118 est
1211 2086 1265 2117 ea
1293 2072 1444 2128 forma,
1466 2085 1577 2129 quae
1597 2086 1665 2130 ep.
1688 2072 1758 2128 8,1
1779 2085 1861 2117 usu

320 2145 454 2190 venit:
488 2142 584 2189 dsss
615 2136 750 2203 (Hp-q,
770 2143 995 2200 Ἐληθυιῶν
1018 2144 1163 2202 μήτηρ,
1183 2141 1286 2203 Ἠρη
1310 2156 1351 2186 τε
1371 2142 1539 2200 τελείη).
1599 2139 1663 2188 Ibi
1693 2154 1861 2200 quoque

320 2230 473 2261 sensus
505 2215 620 2260 clare
651 2220 832 2261 externa
860 2214 1000 2259 forma
1028 2214 1277 2269 illustratur,
1316 2228 1414 2258 cum
1450 2214 1716 2259 sollemniter
1744 2212 1862 2258 Hera

318 2286 553 2330 invocetur.
586 2309 641 2316 —
673 2282 722 2330 In
749 2282 831 2329 hoc
858 2297 985 2329 versu
1016 2295 1241 2329 caesuram
1267 2284 1620 2330 seminarum-iam:
1657 2281 1780 2344 Ἥρη,
1817 2297 1861 2327 τε

318 2357 450 2412 τελείη
501 2355 718 2413 spondeus
769 2354 1001 2409 antecedit,
1053 2354 1132 2398 sed
1177 2354 1259 2399 hoc
1304 2354 1418 2399 licet.
1481 2353 1643 2398 Contra
1685 2354 1860 2399 illicitus

320 2431 385 2472 est
429 2423 647 2485 spondeus
683 2425 871 2472 diaeresi
915 2423 1173 2481 succinctus,
1216 2427 1263 2469 ut
1298 2422 1485 2470 bucolica
1530 2436 1710 2471 caesura
1743 2424 1858 2471 inse·

438 2543 464 2590 ¹)
490 2541 772 2590 „Oeteologiam
820 2551 904 2578 eam
952 2540 1192 2588 disciplinam
1238 2539 1433 2578 metricam
1462 2539 1707 2579 Debrisehiue
1748 2537 1859 2588 („Ein

317 2602 567 2640 stetistischer
584 2600 756 2638 Vereuch
771 2600 863 2637 iiber
881 2599 941 2636 die
958 2599 1121 2637 For-men
1146 2599 1213 2636 dee
1230 2599 1296 2636 lat.
1311 2597 1435 2636 Hex.“
1452 2598 1559 2646 1861)
1574 2600 1663 2647 apte
1681 2597 1859 2647 appellat,

317 2672 392 2708 qua
414 2658 643 2707 singulorum
667 2657 805 2707 pedum
829 2657 975 2695 ratione
1001 2657 1143 2703 habita,
1168 2656 1354 2705 quomodo
1379 2656 1521 2706 dactyli
1542 2656 1729 2706 spondeo!
1758 2658 1799 2694 et
1820 2655 1859 2693 hi

316 2719 403 2757 illos
440 2718 634 2767 excipiant
658 2720 709 2762 ,et
750 2719 912 2764 quantus
948 2719 1186 2764 utrorumque
1228 2726 1401 2754 numerus
1444 2715 1504 2762 eit,
1546 2718 1681 2754 exacto
1717 2714 1854 2753 indicio

318 2777 573 2814 examinatur“
598 2774 799 2829 Hultgren.
825 2774 849 2813 l.
874 2774 899 2812 1.
